2996 4966
193 268 372 378 'no

312 479 371 540 tiro
393 472 464 556 περί
480 495 545 538 cum
564 476 614 540 iiio
634 499 704 540 essu
724 482 881 561 posuisset,
902 495 936 548 ut
957 490 1004 550 Vl.
1026 514 1055 572 p.
1074 501 1146 560 484.
1170 497 1212 558 D:
1244 497 1284 560 τὰ
1307 501 1360 566 ἐν.

310 557 393 624 θάδε
418 555 534 640 νόμιμα
560 564 664 624 καλῶν
689 585 723 626 τι
749 564 817 649 ιιὲρι
843 568 896 630 καλ
922 571 1050 636 ιλιιιαλων
1076 579 1126 639 καλ
1153 577 1288 662 ἀγαθοῖν
1309 589 1363 649 ti-

310 643 435 712 θεοθαλ
453 666 499 720 τε,
525 642 581 708 ἐὰν
602 645 657 730 δέῃ
677 647 843 728 τίθεσθαι,
869 653 921 716 καλ
942 653 981 720 roi
1003 658 1123 736 κείμενα
1143 663 1359 747 φυλάττοντες

309 724 430 808 uiuidum·
452 739 482 791 et
501 732 561 794 vit.
582 755 611 813 p.
629 738 702 797 520.
726 737 764 796 0:
786 733 913 820 τάληθῆ
934 735 1103 821 ἑωρακέναι
1124 753 1228 814 ιιαλιόν
1249 776 1283 818 τε
1305 759 1358 822 καλ

309 813 436 876 δικαίων
457 815 509 876 καλ
532 813 662 896 ἀγαθῶν
683 815 761 900 νιέρι.
804 824 864 884 Sed
891 829 1039 906 quominus
1060 833 1089 892 id
1110 832 1234 912 faceret,
1257 841 1350 906 obste-

307 900 358 962 isat
378 897 518 978 νομίμων
540 898 619 979 uias,
640 903 688 964 uiri
709 909 883 987 praepositio
904 916 1069 976 necessaria
1090 927 1162 981 erat.

363 1001 366 1010 ¹
391 986 450 1048 Pro
479 974 511 1048 ni
536 987 650 1059 Aetius,
677 989 841 1065 naucerus,
869 997 1070 1062 Steiibaumius
1096 999 1151 1066 cdx
1177 994 1212 1066 sd
1238 1029 1354 1092 recepe-

305 1078 374 1130 runt
394 1091 432 1132 ex
451 1071 532 1132 Μοα.
553 1072 587 1130 B.
618 1073 696 1134 Fior.
717 1076 754 1136 U.
801 1078 967 1140 Audendum
993 1105 1059 1146 esse
1080 1091 1263 1170 negationem
1286 1100 1381 1158 ceu·'

306 1161 404 1216 suerat
430 1155 515 1216 etiam
537 1157 707 1230 Carnarius,
735 1163 879 1240 expressit
899 1167 1184 1237 Sclrleiermacherus.
1228 1180 1353 1260 Stepha-

305 1259 360 1299 nus
386 1247 436 1300 eut
468 1235 525 1300 οὐκ
556 1243 716 1320 ponendum
747 1263 812 1306 esse
839 1251 971 1327 putabat,
1004 1263 1054 1315 ant
1080 1264 1113 1316 nt
1139 1260 1246 1322 ironice
1272 1267 1349 1328 dicta
1379 1271 1385 1284 '

303 1324 570 1403 hceo'aocipienda
602 1347 676 1389 esee.
729 1329 846 1390 Ficinus
879 1335 980 1399 verat:
1009 1359 1120 1417 quara
1152 1347 1288 1421 melius,
1324 1371 1343 1409 o

304 1409 456 1480 Glauco,
491 1429 542 1468 me
574 1412 776 1474 enunciare.
835 1419 1026 1482 Schneidarus
1059 1427 1181 1507 denique
1210 1433 1342 1505 ostendit,

302 1493 412 1554 monice
433 1493 504 1552 iraeo
525 1493 602 1554 dieto
622 1515 687 1556 esse
703 1517 761 1558 non
778 1519 873 1578 posse,
894 1506 946 1564 sed
967 1507 1008 1568 ita
1028 1510 1119 1572 iocum
1141 1517 1345 1594 expediendum

302 1597 367 1637 esse
387 1583 485 1655 putat:
506 1580 592 1652 „voci
608 1600 642 1639 ac
658 1584 891 1676 pronuntiationix
902 1589 1009 1670 aliquid
1026 1595 1203 1660 tribuendum
1216 1609 1269 1674 est,
1292 1622 1349 1681 quc

300 1661 349 1720 nbi
376 1661 494 1738 querula
527 1670 557 1720 et
589 1663 626 1722 ad
654 1665 836 1728 lamentantis
864 1675 976 1734 modum
1003 1679 1104 1740 leviter
1132 1682 1239 1744 inflexa
1266 1707 1347 1747 usum

301 1745 449 1803 Socratem
470 1743 602 1818 finxeris,
624 1768 681 1808 non
703 1751 794 1812 miuus
816 1756 887 1816 haec
902 1757 1025 1820 serenda
1045 1770 1076 1822 et
1095 1768 1242 1843 probando
1263 1771 1347 1831 intel.

299 1827 392 1909 liges,
419 1847 501 1906 quam
524 1831 695 1894 Germanica
721 1836 764 1896 du
785 1839 909 1918 giebst
930 1845 997 1903 mir
1017 1848 1094 1907 niso
1116 1850 1224 1915 einen
1246 1857 1347 1919 seto-

299 1933 368 1972 neu
390 1913 519 1972 Tuast!
569 1916 659 1976 Simul
681 1921 808 1982 nonnihil
829 1925 939 1986 ridiculi
960 1933 1097 2006 accedere
1118 1942 1148 1994 et
1170 1939 1346 2002 Glauconem

298 2017 356 2058 nou
379 2004 485 2057 temere
506 1998 604 2059 risisse
630 2004 768 2066 senties.“
816 2009 879 2070 Hoc
899 2019 1069 2088 postremum
1091 2019 1215 2092 pertinet
1236 2025 1278 2079 ed·
1292 2041 1343 2082 sa-

298 2081 428 2160 queutia:
474 2081 536 2140 Καλ
562 2077 578 2144 ὁ
608 2082 759 2150 Γλαύκων
790 2083 921 2169 γελάσας
946 2087 1004 2154 -2
1046 2097 1215 2158 Accurntius
1243 2111 1340 2164 autem

297 2168 341 2226 sio
360 2165 525 2226 vertendum
546 2177 622 2228 erat:
650 2170 754 2242 scirtio
779 2175 855 2234 niso
883 2183 1060 2238 muntcrst
1087 2181 1129 2240 du
1157 2184 1239 2243 mich
1264 2187 1340 2245 eui!

297 2251 372 2329 qnod
400 2250 466 2310 nitri
497 2271 553 2310 uon
576 2254 688 2316 vidntur
709 2278 766 2316 nou
787 2257 895 2318 ironice
916 2261 1030 2322 dictum.
1082 2267 1180 2345 Neque
1201 2289 1276 2348 opus
1298 2277 1344 2330 est

296 2342 434 2407 statuere,
455 2337 571 2415 queruie
592 2347 622 2398 ct
643 2342 831 2403 lamentanter
845 2345 993 2406 Socratem
1014 2349 1139 2410 locutum
1161 2371 1236 2426 esse,
1259 2373 1342 2432 quum

295 2420 359 2499 ipsa
392 2420 452 2480 eius
485 2421 623 2482 dubitatio
652 2427 763 2504 prolata
792 2429 978 2504 talis-essct,
1013 2441 1046 2492 ut
1073 2436 1228 2496 Glaucunis
1256 2439 1342 2498 risum

294 2523 409 2562 mouera
435 2513 541 2582 posset.
592 2509 657 2588 Ego
684 2531 740 2568 non
768 2512 864 2581 video,
892 2515 989 2589 quidni
1011 2519 1139 2576 omuibus
1160 2520 1290 2580 artificiis
1312 2528 1343 2582 et

294 2587 496 2648 mutationibus
532 2591 722 2651 valedicentes
761 2613 813 2670 per
852 2587 1107 2673 interrogationem
1144 2601 1339 2676 proferamus:

241 2691 246 2695 ’
295 2665 373 2732 ὥστε
403 2659 434 2732 cri
459 2677 724 2754 με’νιαραμοθεῖγ
755 2681 931 2734 munterst
964 2679 1007 2736 du
1034 2681 1111 2738 aino
1139 2684 1201 2740 mit
1229 2687 1339 2746 Recht

294 2755 375 2815 micis
408 2757 484 2817 anfi
541 2759 680 2818 Aristides
715 2758 764 2818 Or.
797 2779 849 2838 pro
879 2759 1080 2824 Quatuorririe
1113 2787 1140 2844 p.
1159 2773 1221 2828 tot
1254 2769 1335 2830 init:

294 2835 373 2902 aiore
393 2843 458 2912 πῶς
478 2839 608 2912 ἐκείνους
629 2835 755 2901 sinnida
776 2845 832 2922 τῆς
854 2840 971 2919 uirium
994 2848 1026 2906 Si
1043 2849 1106 2926 quie
1121 2851 1245 2922 dubitet,
1270 2874 1337 2912 uum

293 2924 336 2985 sie
360 2933 438 2985 recte
464 2928 777 3004 accedant-sequentia
804 2925 869 2991 stat
894 2920 910 2988 ὃ
940 2930 970 2988 Γ
968 2925 1090 2992 λαιῖκων
1114 2941 1185 3007 etc,
1219 2937 1337 2998 similem

292 3029 367 3088 pauc
394 3011 485 3072 locum
512 3033 551 3072 ex
580 3013 626 3071 vt.
654 3033 681 3090 p.
699 3018 773 3074 487.
799 3013 839 3072 A:
883 3015 1069 3076 τελειωθεῖσι
1095 3023 1160 3086 τοῖς
1187 3015 1337 3092 τοιούτοις

292 3091 414 3176 mardelco
439 3117 472 3155 τε
498 3095 549 3154 sui
571 3090 673 3177 ἡλικίᾳ
695 3087 760 3173 ἄρα
782 3093 819 3157 osi
840 3090 946 3167 μόνοις
968 3095 1007 3156 ἂν
1028 3095 1084 3177 τήν
1106 3095 1196 3163 πόλιν
1217 3101 1334 3184 ἐπιτρέ-

290 3197 377 3255 ποις,·
400 3177 463 3240 Καὶ
484 3173 500 3241 ὁ
518 3175 730 3254 Ἀδείμαντος·
756 3167 796 3238 Ὦ
817 3173 992 3258 Σώκρατες,
1014 3177 1074 3262 ἔφη
1095 3217 1155 3246 -.

584 3457 675 3544 utu.
698 3458 741 3528 ιι.
768 3483 800 3548 p.
822 3460 895 3528 ιω.
926 3461 976 3545 u,
1000 3463 1039 3529 n

363 3596 407 3663 eri
434 3591 532 3666 πολὺς
555 3591 684 3673 χρόνος,
717 3593 750 3665 ἐξ
776 3584 815 3656 οὗ
841 3601 906 3665 τοῖς
925 3590 1069 3678 Ἓλλησιν
1093 3595 1189 3662 ἐδόκει
1215 3599 1330 3682 αἲσχρᾶ

283 3675 360 3745 εἶναι
392 3682 443 3745 sui
475 3679 583 3760 ysicio
611 3675 689 3752 ἅπερ
723 3679 779 3736 νῦν
813 3683 878 3748 τοῖς
908 3684 1032 3746 πόλλοῖο
1060 3687 1121 3746 τῶν
1147 3683 1332 3766 βαρβάρων,
1383 3745 1387 3752 ,

282 3765 418 3848 γυμνοὺς
445 3763 562 3837 ἄνδρας
588 3753 739 3835 ὁρᾶσθαι.
767 3759 819 3820 καλ
845 3758 896 3825 ὅτε
916 3762 1048 3845 ἤρχοντο
1069 3772 1132 3832 τῶν
1153 3770 1333 3852 γυμνασίων

282 3855 402 3932 πρῶτοι
427 3847 483 3928 μὲν
506 3841 643 3920 Κρῆτες,
670 3837 774 3906 ἔπειτα
795 3847 1054 3928 Λακεδαιμόνιοι,
1083 3853 1155 3934 ἐξῆν
1177 3863 1243 3926 τοῖς
1263 3852 1332 3918 τότε

282 3931 415 4006 ἀρηίοις
435 3923 537 3990 πάντα
558 3927 659 3988 ταῦτα
682 3929 850 4008 νωμωδεϊν.
874 3929 894 4008 ἢ
917 3931 973 3995 οὐκ
995 3933 1066 4012 οἷἐις
1080 3933 1206 4016 Ἔγωγε.
1245 3935 1330 4000 Ἀλλ’

282 4016 405 4096 insedi,
426 4007 529 4090 οἶμαι,
553 4008 725 4090 χρωμένοις
770 4037 874 4092 μεινον
902 4015 936 4077 τὸ
963 4013 1156 4080 ἀποδύεσθαι
1178 4023 1234 4081 τοῦ
1255 4043 1335 4105 σογ-

281 4097 445 4168 totiusne
462 4085 566 4156 πάντα
582 4090 621 4155 eoi
640 4099 772 4160 τοιαῦτα
790 4093 902 4178 ἐφάνη,
918 4097 970 4160 καλ
981 4097 1016 4163 τὸ
1027 4099 1060 4163 ἐν
1072 4109 1136 4173 τοῖς
1149 4099 1334 4186 ὀφθαλμοῖς
