2996 4966
508 297 520 332 i

303 333 356 412 ιο
1348 424 1358 449 ,

304 463 434 570 runt-ex
463 507 494 571 ΙΙ.
521 505 628 568 XXiV.
656 511 718 569 527
740 525 802 587 sqq.
830 508 865 568 ΙΙ.
894 529 921 588 ρ.
944 515 1017 571 380.
1050 507 1088 580 Β,
1111 509 1150 570 C:
1183 508 1289 570 κακῶν
1316 507 1351 570 dd

305 590 405 666 αἴτιον
432 585 531 673 φάναι
555 585 631 652 θεάν
657 611 717 652 τινι
745 593 905 671 γίγνεσθαι
934 592 1196 673 (quamadmodum
1223 594 1253 653 id
1279 593 1352 654 fecit

303 679 442 738 Homerus
464 678 483 737 Ι.
506 673 549 820 a)
586 669 710 756 ἀγαθὸν
746 671 842 752 ὄντα,
881 673 1081 756 διαμαχετέον
1112 675 1205 738 παντί
1241 671 1351 762 τρόπῳ

303 756 380 840 μήτε
407 756 474 822 τινά
504 761 598 864 tyreu
624 760 726 822 ταῦτα
748 794 791 808 -
810 755 889 840 μήτε
908 757 978 824 τινά
1000 754 1121 824 ἀκοάειν
1141 793 1184 808 -
1205 757 1250 833 ὡς
1270 757 1349 824 αὕθ’

304 841 376 908 ὅσια
408 840 449 904 ἀν
479 846 640 922 λεγομινα,
672 841 698 906 εί
730 841 865 926 λίγοιτο,
896 841 967 907 οάιε
995 839 1141 928 ξάμφορα
1173 838 1249 923 ἡμῖν
1279 841 1353 910 οὔτε

304 924 457 1010 ξάμφοινα
479 924 558 990 edrai
580 922 697 999 αὖτοῖς.
719 930 770 990 ΙΙΙ.
792 952 820 1010 ρ.
843 938 916 993 391.
929 932 969 1004 D,
986 933 1027 991 Er
1049 924 1352 1018 προομναγκάζοιμεν

303 1011 377 1086 nois
404 1008 534 1093 ποιῆται
552 1047 595 1063 -
615 1009 696 1092 μηδὲ
722 1007 797 1094 ἡμῖν
823 1010 979 1095 ἐπιχειρεῖν
1007 1014 1125 1076 πείθειν
1149 1011 1226 1086 τοὺς
1251 1013 1351 1094 νίονς,Ι

304 1093 348 1170 ὡς
368 1095 398 1162 oi
418 1097 488 1161 θεοί
509 1093 589 1158 κακὰ
612 1099 755 1178 γεννῶσι,
775 1095 828 1158 καί
849 1092 946 1179 ἥρωες
967 1093 1146 1181 ἀνθρώπων
1167 1095 1257 1162 onidis
1276 1103 1350 1178 βελ-

303 1182 399 1253 τίους.
420 1179 494 1259 ὅπερ
515 1177 576 1262 γάρ
597 1177 629 1242 ίν
650 1188 716 1253 τοῖς
735 1176 874 1262 πράοθεν
888 1179 1038 1264 ίλίμομιν,
1059 1179 1135 1245 αὕθ’
1156 1179 1232 1246 ὅσια
1248 1187 1349 1247 ταῦτα

304 1263 375 1330 ὀὔτ’
403 1262 521 1346 ἀληθῆ.
574 1267 631 1328 laur
660 1287 743 1347 qaum
768 1268 920 1328 floruerunt
952 1262 1093 1347 ἀνοήτοις
1126 1262 1346 1346 ἀμαριάνοντα

305 1353 391 1424 dicat,
412 1346 490 1412 οὔθ’
512 1345 584 1412 ὅσια
604 1346 674 1412 οὔτ’
697 1347 816 1429 ἀληθῆ,
837 1353 932 1430 quadie
953 1360 1071 1414 οιείοιιί
1091 1354 1166 1433 apud
1185 1355 1341 1424 Ηοοιοπιι,

304 1457 364 1498 οοο
384 1442 549 1498 reverenter
568 1436 694 1514 loquitor
715 1437 851 1496 Socrates
872 1437 907 1496 de
927 1437 1061 1512 Homero,
1083 1458 1136 1498 nec
1151 1437 1230 1498 sinui
1248 1437 1342 1498 dicere

305 1529 402 1602 potest
425 1515 524 1582 Ὀκνῶ
549 1516 586 1580 ἀί
603 1523 636 1599 ’γε
659 1513 702 1578 dr'
720 1514 860 1598 ’Όμηρον
882 1517 995 1600 λίμειν,
1022 1517 1071 1582 ὅτι
1092 1517 1160 1584 add'
1184 1517 1268 1584 ὅσιον
1289 1529 1346 1581 etc.

305 1608 405 1684 ltaque
426 1605 546 1664 delenda
566 1610 633 1662 suot
653 1604 740 1664 verba
760 1592 798 1682 ἦν
819 1598 852 1664 δ’
874 1601 943 1684 ἐγὼ,
965 1627 1038 1686 quea
1059 1608 1143 1668 etiam
1165 1608 1231 1667 ideo
1248 1625 1349 1684 suupe-

306 1697 353 1750 cto
373 1695 456 1760 suot,
485 1688 560 1766 quod
582 1687 610 1746 ia
634 1687 775 1751 nonnullis
801 1689 901 1763 codd,
929 1692 1002 1752 Lod.
1025 1691 1107 1751 Viad.
1128 1693 1163 1760 Β,
1186 1693 1251 1752 Vnt.
1272 1691 1348 1763 ΒΜ,

306 1793 364 1832 ooo
386 1774 483 1832 codem
505 1772 584 1843 ioco,
607 1779 671 1850 post
689 1765 788 1832 Ὀκνῶ
808 1769 845 1832 δι’
862 1794 912 1853 με,
934 1777 985 1836 red
1007 1784 1072 1855 post
1085 1770 1225 1854 Ὅμηρον
1246 1776 1349 1856 legun-

307 1864 368 1930 tur,
395 1864 425 1916 et
451 1855 564 1914 omniuo
591 1855 633 1914 ita
660 1862 705 1914 est
731 1855 947 1939 corrigendum:
974 1891 1017 1906 -·
1045 1861 1185 1922 τοιαῦτα.
1214 1855 1294 1920 ὀκνῶ
1315 1854 1352 1918 ἀί

305 1962 337 2020 γε
363 1933 405 2000 δι’
422 1935 562 2018 Ὅμηρον
583 1972 625 1986 -
651 1938 832 2002 πείθεσθαι.
882 1940 947 2004 Καί
974 1931 1015 2003 αὖ
1034 1977 1093 2004 --.
1120 1945 1257 2005 Socrates
1279 1943 1349 2002 tatio

304 2026 389 2105 impia
409 2045 474 2085 esse
495 2025 617 2084 dixerat.
659 2024 826 2086 Adimantus
847 2027 979 2084 iniustum
1000 2027 1110 2101 quidem
1131 2045 1196 2083 esee
1214 2027 1347 2083 coneedit

197 2153 200 2158 ,
305 2111 375 2174 tulin
393 2111 527 2182 laudare3
558 2114 673 2170 veretur
697 2117 790 2170 eote·
811 2115 927 2186 propter
947 2107 1062 2168 Homeri
1082 2106 1280 2166 anctoritatem
1302 2107 1343 2163 di-

305 2215 386 2266 cere,
416 2193 527 2273 impium
554 2213 665 2272 quoque
687 2213 751 2254 esse
772 2212 890 2252 narrare
911 2191 980 2252 talia
999 2198 1051 2252 aut
1071 2191 1198 2252 credere.
1250 2191 1346 2250 Verba

304 2288 398 2342 autem
420 2278 549 2338 Socratis
569 2277 632 2338 Καί
655 2265 707 2351 αὖ,
729 2268 772 2347 ὥς
792 2282 851 2336 οία
868 2276 911 2336 ita
931 2277 1086 2350 accedunt,
1105 2283 1139 2336 ut
1160 2281 1227 2355 post
1246 2263 1287 2333 αὖ
1308 2293 1348 2332 ex

304 2363 448 2424 Adimaoti
475 2363 569 2425 verbis
596 2362 776 2444 cogitatione
802 2363 985 2441 repetendum
1007 2362 1046 2420 sit
1066 2356 1122 2438 οὐχ
1143 2353 1230 2420 ὅσιον
1251 2351 1349 2438 φάναι

305 2444 376 2510 aridi
403 2443 506 2508 ἀλλων
532 2441 682 2527 λεγόντοιν
709 2444 888 2508 πείθεσθαι.
938 2449 977 2506 nt
997 2453 1077 2507 recte
1097 2463 1160 2505 cura
1181 2443 1225 2502 iris
1247 2443 1349 2501 colnac·

303 2540 369 2594 reat
389 2533 473 2592 etiam
495 2531 695 2610 subsequentia
713 2531 756 2599 ,0,
777 2531 825 2588 ubi
846 2532 983 2588 Socrates
1004 2529 1115 2607 pergit:
1161 2522 1222 2604 Mc>
1244 2522 1349 2586 τοίνυν

298 2613 382 2696 ,μηδὲ
407 2609 482 2678 τάδε
508 2609 692 2691 πειθώμεθα
717 2607 796 2688 μηδ’
818 2608 914 2681 ἐῶμεν
936 2608 1046 2688 λέγειν,
1073 2605 1116 2678 ἀς
1145 2603 1269 2686 Θησεὺς
1289 2642 1347 2670 -.

303 2704 348 2763 lta
376 2703 511 2762 Socrates
537 2719 594 2758 noo
623 2697 706 2766 dicit,
737 2694 812 2772 quod
840 2693 935 2752 dicere
961 2693 989 2753 ei
1016 2714 1075 2752 non
1100 2693 1183 2764 licet,
1212 2701 1243 2754 et
1269 2701 1348 2754 recte

303 2787 459 2866 procedunt
491 2784 593 2852 arania.
652 2782 761 2840 Contra
792 2797 927 2857 perversa
959 2785 1026 2840 urat
1057 2777 1167 2851 omnia,
1205 2779 1231 2837 si
1261 2779 1349 2840 verba

301 2867 399 2932 Ὀκνῶ
420 2901 462 2918 -
484 2866 652 2928 πείθεσθαι
675 2863 805 2924 Sacratis
826 2883 891 2923 esse
913 2870 1059 2944 putantur.
1099 2863 1184 2922 Tunc
1206 2861 1278 2918 enim
1300 2863 1347 2920 iric

304 2977 360 3016 nau
382 2957 472 3016 solum
493 2951 562 3010 dicit
583 2950 637 3010 sibi
658 2949 772 3009 omuino
796 2968 853 3008 non
879 2947 1015 3019 dicenda,
1043 2946 1093 3005 sed
1119 2943 1203 3002 etiem
1232 2943 1261 3001 io
1291 2944 1345 3002 hac

305 3043 368 3122 ipsa
395 3035 594 3118 disputationis
620 3033 771 3116 parteflita
797 3039 942 3104 versatur,
968 3040 1002 3092 ut
1023 3051 1079 3089 noo
1100 3028 1176 3087 lieet.
1229 3027 1274 3085 Ad
1295 3025 1348 3084 καὶ

304 3115 345 3186 αὗ
367 3125 441 3186 enirn
462 3123 504 3182 ric
525 3121 594 3182 nihii
616 3118 741 3202 cogitari
762 3125 872 3196 potest,
900 3117 955 3174 nisi
977 3111 1058 3174 ὀκνῶ
1078 3107 1121 3170 dr'
1139 3107 1279 3190 Ὅμηρον
1300 3107 1350 3170 td·
1479 3109 1480 3120 ¹

302 3231 381 3292 yser,
409 3203 457 3269 ὅτι
483 3204 540 3283 οάχ
567 3201 652 3267 ὅσιον
678 3195 777 3283 φάναι
803 3197 854 3258 καί
877 3193 978 3256 ἀλλων
998 3187 1149 3272 λεγόντων
1170 3193 1351 3270 πείθεσθαι,

277 3344 279 3354 ,
304 3303 335 3356 et
362 3294 450 3356 verbo
477 3288 536 3370 Μὴ
565 3281 751 3360 πειθώμεθα
777 3277 854 3360 μηά’
878 3277 973 3356 ieiuna
999 3275 1093 3358 λίγειν
1120 3298 1178 3338 oon
1200 3281 1351 3340 minusad

304 3376 517 3448 antecedentia,
547 3371 712 3451 quibuscum
737 3367 876 3428 vocabulo
902 3360 1006 3440 aeirus
1031 3363 1129 3424 innota
1154 3373 1237 3436 suot,
1267 3383 1349 3440 quarn

304 3466 341 3526 ad
362 3461 511 3543 sequentia
532 3456 684 3538 pertineat.
733 3452 820 3531 Atqui
846 3451 872 3510 si
897 3457 1047 3527 tantopere
1073 3456 1220 3511 reveretur
1245 3453 1347 3525 potae

304 3551 516 3619 auctoritatem,
548 3541 596 3624 qui
623 3555 781 3622 provocare
807 3541 903 3616 potent
929 3533 978 3591 iile
1004 3552 1066 3592 cum
1092 3540 1173 3594 unta
1199 3531 1227 3592 vi
1256 3531 1293 3590 ad
1319 3530 1347 3589 ei

305 3653 363 3694 noo
385 3629 617 3694 adamitaodumt
1080 3650 1083 3659 ·

557 3903 646 3973 uro.
670 3899 730 3968 ιιι.
758 3923 789 3989 p.
811 3901 885 3970 aue.
916 3901 966 3985 κ,
990 3900 1036 3983 a,
1060 3899 1099 3966 o.

392 4043 459 4110 Οάκ
485 4035 573 4118 cide,
600 4037 679 4122 ἔφην
701 4035 777 4120 ίγά,
804 4035 862 4108 τὰς
888 4031 1054 4115 ἁρμονίας,
1082 4031 1162 4098 ἀλλὰ
1190 4027 1354 4096 κατάλειπε

191 4204 195 4212 ,
303 4133 422 4224 ἐκείνην
434 4126 492 4215 τὴν
507 4123 669 4214 ἁρμονίαν,
687 4121 707 4206 ἣ
723 4121 755 4184 ἔν
772 4144 805 4185 τε
821 4122 969 4204 πολεμικῇ
984 4117 1092 4204 πράξει
1104 4116 1197 4192 ὄντος
1211 4115 1354 4202 ἀνδρείου
