2996 4966
1147 313 1203 392 29

32 569 33 576 χ
248 497 369 562 δικαίων
401 498 552 577 νομίμων.
619 498 662 555 ltu
695 494 886 556 Schneiderus
923 511 984 554 cam
1013 494 1082 554 Par.
1111 491 1202 554 Auli.

159 587 244 646 -vinn
266 587 299 646 ll.
325 589 404 646 Mon.
428 587 464 644 B.
494 585 564 642 Ven.
587 582 620 640 C.
649 581 712 641 Vat.
734 581 770 640 ll.
797 581 875 661 Ang.
896 578 931 638 B.
968 579 1042 638 ldem
1061 577 1136 659 legit
1156 576 1203 636 Fi·

159 663 343 749 cinusz'qui
366 671 466 729 eirca
487 665 775 726 constitutiones
797 665 838 724 da
859 663 1026 724 honestis
1047 669 1081 724 et
1101 662 1203 723 lrouis

157 756 341 832 iustisque
369 751 485 812 fallit.
529 750 610 810 Vind.
632 750 693 810 llll.
715 745 855 826 νομίμων
876 743 929 807 aul
950 741 1089 808 δικαίων.
1131 747 1203 806 Cac-

158 844 216 898 teri
238 838 323 896 codd.
345 842 377 895 et
397 836 461 895 edd.
483 831 609 894 δικαίων
629 832 680 893 nol
702 831 853 912 νομίμων,
876 833 953 912 qnod
974 851 1027 912 per
1048 849 1081 890 se
1095 830 1203 908 quiden

160 928 311 1000 praestare
332 919 463 980 concedit
483 919 685 991 Schneiderus,
713 919 764 978 sad
787 937 872 1001 'quum
894 935 982 997 saepe
1002 907 1121 992 νόμιμα
1142 916 1205 975 aab

162 1004 281 1066 stantiri
306 1006 371 1064 loco
398 1005 437 1064 sit
462 1010 492 1063 et
516 1003 656 1065 adiectira
680 1002 802 1083 recipiat
832 1021 925 1082 neque
951 999 1096 1062 sententia
1124 1017 1206 1078 repn-

162 1096 244 1170 gnet,
266 1109 298 1148 se
318 1089 443 1152 codicum
459 1089 656 1148 auctoritatem
671 1096 798 1148 secutum
813 1108 886 1162 esse,
909 1107 1004 1149 veram
1023 1091 1118 1146 tamen
1137 1083 1207 1143 scri·

161 1181 270 1253 pturam
298 1175 370 1237 lanc
395 1173 449 1233 sibi
469 1173 575 1235 videri:
605 1167 771 1233 ἀπατεῶνα
797 1173 902 1233 καλῶν
929 1191 963 1233 τι
989 1165 1044 1246 aul
1074 1163 1207 1248 ripaticis

131 1253 209 1316 ’καὶ
236 1255 374 1334 νομίμων
400 1255 480 1336 πέρι,
507 1278 545 1316 ex
573 1259 748 1338 glossemate
777 1258 934 1318 accessisse
961 1249 1099 1316 δικαίων.
1149 1252 1207 1312 Sed

158 1341 183 1400 si
205 1339 344 1420 νομίμων
368 1363 420 1422 pro
442 1343 621 1402 substantivo
643 1342 824 1419 accipiamus,
847 1342 950 1401 καλῶν
972 1347 1002 1401 et
1023 1334 1156 1418 ἀγαθῶν
1177 1345 1207 1398 et

156 1423 284 1485 discrima
306 1447 359 1505 pro
382 1426 545 1494 adiectivis,
573 1443 713 1501 quaenam
740 1423 799 1481 sint
820 1424 950 1483 instituta
969 1426 1018 1483 illa
1040 1424 1157 1502 pulchra
1177 1429 1208 1482 et

160 1511 236 1566 bono
264 1516 294 1566 et
320 1510 412 1580 iusto,
442 1509 478 1566 de
504 1507 605 1586 quibus
631 1507 708 1586 loqui
735 1506 827 1586 possit
848 1507 983 1568 Srrcrates
1010 1514 1041 1566 et
1061 1505 1208 1566 auditores

161 1591 313 1670 deciperet
345 1612 380 1650 an
403 1611 475 1669 quae
496 1594 716 1670 exspectanturl
764 1593 828 1651 Non
856 1593 949 1672 potnit
973 1592 1022 1652 ille
1043 1598 1101 1650 tam
1123 1591 1207 1652 selre-

158 1683 270 1735 mentcr
297 1675 481 1736 reformidare
508 1677 591 1747 illud,
619 1697 655 1736 ne
682 1676 841 1736 auditorum
863 1676 1105 1756 exspectationem
1125 1674 1206 1736 falle·
1251 1732 1258 1742 ,,

159 1769 219 1833 ret3
249 1761 357 1839 potnit,
387 1781 422 1819 oo
448 1762 477 1819 in
505 1761 660 1820 condendis
681 1761 794 1842 legibus
815 1763 906 1840 ipsum
927 1762 1030 1820 iustum
1051 1767 1082 1820 et
1103 1760 1205 1820 bonum

159 1849 190 1902 et
211 1846 354 1922 pulchrum
375 1845 506 1906 violaret.
548 1846 609 1904 Nec
630 1846 779 1923 quidquam
800 1846 908 1915 iuvant,
929 1865 1003 1922 quae
1016 1844 1207 1904 Sclrneiderna

159 1929 274 1987 scribit:
324 1929 437 2000 „Quum
460 1929 614 1999 sermonis,
640 1930 668 1987 io
692 1947 773 2007 quem
795 1929 910 2010 ingredi
932 1930 1068 1986 Socraten
1090 1927 1208 1999 dubitat,

157 2020 354 2091 argumentum
382 2015 418 2071 ud
448 2014 606 2071 institutum
635 2015 773 2090 quoddam
796 2014 824 2070 in
855 2012 997 2073 civitatem
1019 2011 1209 2089 recipiendum

154 2103 280 2174 spectet,
317 2115 446 2154 caussam
474 2096 659 2154 dubitationis
686 2097 759 2154 lruuc
781 2096 877 2156 dicere
899 2095 1005 2174 potuit,
1038 2095 1114 2172 quod
1139 2113 1208 2175 grn-

154 2180 269 2240 vissime
291 2199 410 2259 peccare
432 2188 527 2259 putet,
556 2181 715 2258 quicunque
737 2181 772 2239 de
794 2180 935 2260 pulchris,
964 2177 1046 2238 bonis
1073 2185 1104 2237 et
1125 2178 1207 2238 iustis

155 2264 297 2322 institutis
323 2265 397 2322 falsa
419 2266 537 2334 docent,
567 2266 621 2322 lmc
642 2273 702 2335 est,
732 2285 784 2342 pro
811 2264 934 2342 pulclrris
961 2263 1104 2336 venditet,
1134 2281 1207 2341 quaa

159 2347 255 2422 turpia
282 2347 353 2416 sint,
381 2367 433 2423 pro
461 2348 543 2404 bonis
564 2349 653 2417 marla,
681 2367 733 2425 pro
760 2347 844 2406 iustis
871 2347 976 2407 iniusta
1002 2348 1205 2407 commendet.“

161 2427 247 2486 Aliud
269 2436 328 2499 est,
358 2430 394 2487 de
415 2430 552 2508 pulchris,
579 2431 661 2489 barnis
684 2438 714 2490 ot
736 2431 818 2490 iustis
841 2431 978 2492 institutis
999 2431 1072 2491 falsa
1094 2433 1204 2504 docere,

161 2511 255 2583 aliod,
291 2533 342 2590 pro
369 2515 492 2592 pulchris
520 2516 665 2574 venditare
693 2516 800 2594 turpia,
835 2535 886 2594 pro
916 2516 996 2574 bonis
1028 2517 1115 2588 nala,
1153 2537 1205 2596 pro
1322 2528 1347 2552 ³

160 2597 243 2655 iustis
271 2597 376 2655 iniusta
403 2599 608 2658 commendare.
658 2600 702 2657 Ad
731 2601 995 2679 glossemanutem
1024 2603 1205 2661 statuendum

157 2699 214 2739 noo
241 2679 387 2740 sufficiunt
414 2682 533 2753 indicia,
561 2703 653 2762 neque
681 2694 826 2762 expuncto
853 2682 979 2746 δικαίων
1002 2685 1114 2745 iuvatur
1141 2705 1205 2746 sen·

155 2765 256 2836 tentia,
278 2767 479 2844 quumpotius
500 2765 638 2844 νομίμων
661 2767 831 2847 superfluum
854 2770 993 2830 videatur.
1036 2771 1105 2830 Nam
1127 2777 1205 2832 recte

156 2855 297 2927 tamquam
325 2851 404 2910 varia
431 2871 541 2931 genera
563 2860 763 2911 enumerantur
784 2854 900 2932 pulchra
922 2862 951 2913 et
972 2854 1047 2914 bona
1068 2861 1099 2915 et
1119 2855 1204 2927 iuste,

156 2933 259 3010 quibus
286 2936 422 2992 accedere
449 2955 507 2992 non
538 2941 659 3014 possunt
681 2943 822 3015 nmquam
849 2939 926 2998 aliud
953 2958 1045 3020 genus
1066 2939 1214 3021 legitima,

57 3069 59 3076 ,
160 3032 245 3090 quum
268 3017 361 3074 omnia
382 3017 429 3074 illo
452 3039 508 3075 oon
531 3020 642 3098 possint
663 3040 718 3078 non
742 3042 805 3082 esse
826 3023 963 3104 legitima.
1010 3025 1109 3103 Neque
1130 3023 1204 3082 enim

160 3097 209 3156 ille
232 3097 277 3157 lie
299 3099 463 3180 significare
484 3112 579 3180 potest
601 3125 651 3177 eo,
674 3125 745 3183 quae
772 3108 874 3166 alicubi
902 3107 1029 3189 legitima
1055 3109 1204 3180 habentur,

160 3182 228 3242 lieet
250 3183 353 3243 rationi
375 3197 549 3267 repugnent,
571 3191 622 3248 sed
644 3209 716 3268 quae
739 3211 775 3250 ex
797 3193 860 3271 ipsa
880 3194 992 3253 ratione
1015 3193 1204 3252 deducantur.

159 3266 258 3331 Quare
287 3287 377 3346 neque
405 3273 593 3332 coniecturam
620 3275 730 3352 quidem
753 3277 930 3336 Schneideri.
946 3293 1039 3356 nequa
1059 3277 1204 3358 vulgatam

122 3377 129 3390 ·
155 3351 327 3430 scripturam
355 3355 475 3432 probare
502 3377 627 3436 possum3
657 3361 831 3421 aeduorum
853 3370 923 3440 puto
945 3361 1030 3432 illud,
1062 3362 1138 3439 quod
1159 3367 1204 3420 est

154 3434 182 3492 in
211 3435 326 3514 optimis
355 3440 512 3518 codioihps,
541 3443 625 3521 idque
650 3445 704 3504 lrac
725 3447 837 3513 ratione
859 3443 1101 3524 interpretandum
1122 3463 1201 3503 esse:

155 3517 397 3582 fraudatorem
432 3525 472 3584 dc
498 3528 723 3606 pulchrorum
752 3537 787 3589 et
813 3530 983 3589 honorum
1005 3527 1204 3596 ¹iustorum-

158 3619 224 3678 que
250 3607 453 3686 legitimus,
484 3619 516 3669 ut
538 3614 749 3672 corrsentiamus
771 3635 834 3694 cum
855 3613 969 3681 Fieioo,
996 3609 1063 3666 licet
1085 3607 1203 3669 Schnei-

159 3683 244 3744 derns
265 3707 325 3748 eum
346 3693 419 3752 laud
441 3695 524 3754 dubie
546 3695 647 3755 falsum
670 3697 698 3755 in
722 3699 774 3756 linc
796 3717 827 3756 re
849 3715 914 3756 esse
935 3695 1021 3752 dicat.
1072 3691 1142 3765 our,
1171 3702 1204 3756 ut

157 3769 307 3846 Socrates,
336 3795 409 3838 nova
437 3779 570 3839 instituta
592 3788 740 3840 creaturus
763 3788 823 3852 est,
846 3781 873 3838 ei
895 3777 977 3838 simul
998 3775 1111 3857 legibus
1134 3780 1202 3843 defi·

154 3853 288 3914 niendum
310 3867 366 3932 est,
395 3883 467 3941 quae
494 3865 610 3942 pulchra
638 3864 695 3921 sint
717 3871 746 3920 et
768 3863 841 3920 bona
863 3863 1002 3934 etiamn,
1033 3867 1202 3928 cavendum·

152 3957 217 4016 que,
241 3961 277 4000 ne
297 3953 386 4005 semet
407 3955 436 4006 et
457 3949 530 4007 alios
551 3949 647 4019 lollat3
670 3947 698 4003 id
721 3946 794 4023 quod
817 3946 864 4006 ille
885 3948 994 4022 metuit,
1016 3970 1053 4011 ne
1074 3952 1203 4036 legitima

151 4025 317 4100 constituat,
339 4051 413 4108 quae
435 4049 487 4108 per
508 4033 646 4090 rationem
668 4047 732 4089 esse
754 4050 811 4088 uon
833 4033 953 4112 possint.
992 4035 1068 4106 Nihil
1090 4038 1201 4098 dubita·

93 4117 99 4124 ’
150 4107 245 4184 tionis,
268 4113 380 4191 opinor,
403 4115 587 4192 produxisset
608 4115 697 4191 locus,
719 4114 744 4174 si
766 4117 889 4198 scriptor
910 4141 962 4202 pro
980 4121 1100 4200 simplici
1118 4117 1201 4199 geni·
