2996 4966
302 351 361 428 ta

302 523 381 582 rilsus
401 521 484 586 codd.
505 526 616 592 exstet,
644 519 858 599 praeferendum
879 523 990 584 ridetur
1010 518 1236 604 ιλιαφιῦγονσα,
1257 531 1345 592 nrorlp

302 607 331 666 itl
353 606 446 686 alique
466 605 578 666 ratione
599 605 737 684 explicari
758 607 858 684 possit.
896 609 982 674 Quod
1002 627 1072 668 sane
1091 608 1155 670 fieri
1177 630 1240 679 non,
1257 633 1346 689 posse

301 691 428 763 videtur,
455 697 570 751 sertetn
595 690 624 748 in
651 691 774 750 caeteris
794 692 913 772 oligeto
934 692 1086 772 scriptura.
1135 695 1193 753 Sed
1215 715 1268 773 pro
1291 699 1345 759 uni
1393 721 1397 728 ·
1485 681 1486 704 λ

300 777 408 836 πασῶν
428 775 456 833 in
478 775 556 834 Mon.
578 775 611 834 ll.
642 775 721 834 Flor.
742 776 778 834 U.
800 783 845 835 est
865 773 898 836 ln
919 779 1043 852 πασῶν,
1065 779 1094 837 ἰα
1116 779 1182 838 Por.
1199 781 1237 840 A.
1261 772 1342 845 llintl.

299 861 358 920 ΒΕ.
382 860 445 919 Vat.
467 860 503 918 ll.
525 859 603 918 Flor.
625 859 742 918 Ach.
764 857 816 918 noi
836 853 855 938 ἢ
878 861 998 936 πασῶν,
1020 881 1076 941 quo
1098 869 1206 927 mutete
1229 865 1259 924 ia
1281 863 1338 928 sais

220 992 228 1013 ,
299 945 408 1003 πασῶν
433 945 504 1004 heac
531 943 646 1002 exsistit
673 945 829 1003 sententia:
858 945 1014 1028 ingenue
1041 948 1208 1025 tyrannis
1236 956 1271 1008 et
1301 973 1343 1012 ex

299 1029 455 1088 omnibns
480 1029 536 1088 his
563 1029 747 1106 percursis
768 1049 969 1110 emergens,
997 1051 1071 1109 qnee
1092 1033 1198 1111 optino
1218 1033 1343 1098 videtur.

297 1113 361 1172 Noa
388 1114 462 1172 enirn
489 1113 614 1172 nascitur
640 1113 783 1190 tyrannis,
812 1113 867 1172 nisi
893 1117 1071 1196 antegressis
1098 1117 1220 1178 caeteris
1246 1121 1343 1200 reipu-

297 1197 388 1259 blicae
414 1196 526 1268 sororis,
554 1216 624 1276 ques
651 1197 699 1255 illa
726 1203 755 1255 et
782 1214 948 1276 percurrere
978 1201 1032 1259 dici
1060 1207 1155 1280 potest
1179 1209 1212 1260 et
1237 1223 1275 1264 ex
1305 1207 1341 1264 iis
1372 1208 1377 1216 ’

297 1280 434 1362 fugiendo
469 1283 514 1342 vel
540 1281 680 1340 currendo
713 1299 871 1366 emergere.
929 1285 1112 1347 Gerrnenice:
1147 1286 1204 1346 die
1233 1289 1337 1348 durch

297 1367 370 1426 olle
397 1366 502 1425 diese'
524 1365 593 1424 sich
621 1364 959 1428 hereasfliichtende
987 1371 1186 1447 'Pyrenaei
1237 1373 1335 1450 ltaque

297 1451 470 1529 praepositio
498 1444 549 1508 ont
572 1468 627 1508 oen
650 1449 740 1506 rninos
763 1450 886 1527 pertinet
906 1454 942 1511 ad
965 1457 1073 1512 πασιῡν
1096 1449 1230 1527 τούτων,
1252 1475 1332 1534 quarn

297 1535 333 1594 ad
348 1528 515 1613 φεύγουσα.
538 1533 585 1592 Gi.
598 1534 681 1593 Hom.
701 1534 732 1592 ll.
745 1533 793 1593 lV.
809 1539 882 1596 465.
905 1538 989 1602 Quod
1001 1547 1095 1598 eutero
1108 1540 1145 1598 st
1157 1541 1339 1606 mutationem

297 1619 325 1676 in
343 1619 400 1677 κάν
415 1639 453 1678 ex
469 1617 519 1676 καλ
534 1613 553 1696 ἡ
569 1619 681 1691 attinet,
700 1625 796 1681 notura
811 1625 870 1691 est,
891 1621 1024 1682 librarios
1040 1624 1153 1702 saepius
1169 1645 1266 1684 crases
1282 1627 1341 1686 sol·

296 1703 372 1764 nisse
388 1711 418 1762 et
436 1723 453 1759 κ
473 1710 537 1778 etep
554 1721 644 1781 poene
660 1703 758 1760 eodem
780 1704 881 1767 ostent
899 1706 984 1766 ducta
1002 1709 1107 1786 scripto
1124 1727 1204 1780 esse,
1220 1717 1252 1766 ut
1270 1711 1342 1770 iaec

296 1787 460 1864 saepissime
480 1785 599 1846 confuso
620 1787 688 1846 sint.
721 1787 784 1846 Vitl.
801 1787 916 1850 Bostirss
937 1792 974 1850 nd
992 1793 1114 1872 Gregor.
1138 1793 1206 1852 Cor.
1224 1815 1252 1872 p.
1268 1803 1339 1856 112.

296 1871 342 1931 ed.
359 1869 473 1935 Sclreel.
506 1871 616 1936 Quodsi
632 1869 763 1930 liores-ins
778 1871 921 1933 invenerit
935 1875 1049 1954 aliquid,
1067 1877 1143 1955 quod
1157 1878 1253 1956 specie
1270 1879 1340 1938 oilril

296 1955 425 2016 differret
445 1975 463 2014 n
483 1950 561 2032 κᾶη,
589 1955 657 2014 nihil
678 1953 791 2020 feciliru
813 1966 892 2030 eret,
919 1979 1001 2036 qaam
1028 1982 1080 2039 pro
1103 1981 1137 2024 eo
1159 1981 1265 2038 ponere
1285 1962 1339 2022 καλ

295 2032 326 2118 ἦ.
368 2041 451 2105 (lure
470 2047 564 2098 tannen
586 2041 612 2098 si
633 2039 719 2100 nihilo
741 2040 832 2100 minus
853 2063 909 2102 non
930 2045 1084 2114 arrideant,
1105 2045 1203 2104 seltern
1224 2043 1335 2120 διαφέ-

296 2141 395 2200 ρουσα
417 2143 488 2194 ααα,
509 2132 541 2182 ut
562 2125 648 2206 volgo
670 2122 718 2198 fit,
741 2124 924 2186 differens
945 2126 1184 2204 interpretandam
1206 2132 1259 2196 est,
1281 2128 1333 2186 sel

295 2207 520 2267 antecellens
543 2204 598 2287 (sc.
619 2209 825 2290 pravitate).
867 2210 968 2268 Mattio.
990 2211 1115 2270 Gremm.
1142 2231 1170 2289 p.
1192 2217 1265 2272 672.

738 2377 891 2390 *—

601 2489 691 2556 nre.
717 2489 809 2558 ναι.
838 2513 871 2576 p.
893 2491 966 2556 551.
996 2491 1034 2556 e.

378 2627 598 2706 Reprehendeas
616 2629 751 2686 Socrates
768 2624 967 2702 oligarclriens,
988 2625 1065 2698 quod
1081 2624 1110 2680 in
1128 2643 1164 2682 en
1185 2626 1338 2703 aragistro-

293 2719 340 2772 trra
366 2731 423 2770 non
451 2715 603 2772 secundnm
631 2710 715 2770 nainri
741 2707 892 2766 facultates
920 2713 1070 2776 creentur,
1108 2707 1158 2764 sed
1185 2725 1224 2764 ex
1252 2725 1335 2783 opnor

230 2810 232 2814 ’
292 2796 478 2868 multitudine,
499 2797 540 2856 ito
561 2795 671 2876 pergit:
694 2787 787 2868 ἄθρει
808 2783 886 2868 γὰρ,
908 2789 932 2848 sl
953 2787 1026 2848 νιιῖιν
1048 2783 1130 2849 οὕτω
1150 2809 1196 2859 τις
1217 2794 1336 2848 παιοῖτα

292 2875 478 2958 κυβερνήτας
498 2877 559 2942 α’πὸ
581 2869 780 2958 τιμημάτων,
802 2869 1045 2955 spiritaliora,
1067 2871 1093 2930 nl
1113 2870 1164 2932 καλ
1186 2875 1337 2956 κυβερνη-

291 2960 452 3042 τικώτερος
473 2959 594 3043 εἴη,μὴ
618 2955 783 3036 ἐπιτρέποι.
824 2952 989 3036 Πανηραὶν,
1011 2945 1030 3033 ἦ
1052 2952 1083 3015 ‹l'
1108 2952 1158 3028 ὃς,
1180 2952 1239 3030 τὴν
1261 2977 1339 3016 ναυ-

291 3050 390 3108 τιλίαν
409 3041 526 3119 aitaris
542 3045 776 3109 ναυτίλλεσθαι.
813 3039 935 3104 Olunta
957 3039 1097 3116 καὶπερὶ
1120 3036 1217 3099 ἄλλοι
1240 3036 1338 3110 atuor

292 3129 421 3194 ὁταααῖιν
442 3129 463 3211 ἥ
485 3153 588 3202 τινας
609 3127 724 3213 ιῖρχῆςς
759 3121 857 3206 Οἶμαι
878 3123 979 3204 i'yorys.
1024 3121 1116 3203 Πλὴν
1138 3119 1272 3201 πόλεως
1298 3113 1337 3200 ἦν

292 3213 322 3276 ‹i'
345 3213 419 3296 ἐγὼ,
446 3215 465 3298 ἢ
489 3215 540 3278 sni
562 3211 677 3284 πόλεως
698 3210 782 3288 πέρα·
809 3206 898 3270 Πολύ
919 3205 963 3288 γ’,
986 3205 1062 3288 ἔφη,
1089 3202 1244 3285 μάλιστα,
1272 3203 1338 3290 ὅσῳ

291 3300 490 3380 χαλεπωτάτη
513 3299 563 3360 καὶ
586 3297 712 3378 μεγίστη
737 3290 752 3370 ἡ
776 3287 867 3373 ἀρχή.

270 3452 271 3458 ,
375 3381 395 3466 ἤ
417 3407 514 3460 τινος,
535 3405 609 3464 quae
630 3385 726 3462 inepte
747 3381 858 3440 intrusa
879 3378 950 3448 sint,
972 3377 1175 3436 Stalllrnumius
1196 3376 1276 3435 uncis
1294 3376 1337 3434 in·
1407 3408 1414 3426 .

292 3471 384 3530 clarit.
423 3471 537 3530 Ficinus
559 3471 600 3530 itn
621 3467 766 3530 contraxit
785 3467 892 3526 locum:
926 3465 974 3522 Δα
988 3481 1065 3520 ααα
1088 3462 1208 3522 eodem
1229 3468 1335 3537 poeto

292 3558 326 3614 in
355 3557 485 3635 quovis
512 3555 586 3615 elio
614 3552 840 3632 principatui
891 3544 1334 3645 Aptiusetnsclrleiermoclrerus

292 3640 476 3700 coniecerunt
496 3634 595 3706 οὕτως
618 3632 797 3711 ἡστινασααν
819 3649 949 3690 ατααααν
970 3647 1081 3704 αρχης.
1130 3627 1337 3690 Selrneitlerus:

293 3725 486 3803 ‚‚Equilern‚“
509 3721 613 3798 ἰαηαίι,
637 3716 770 3786 ‚‚dnltito,
798 3733 835 3770 no
856 3731 939 3782 τινας
960 3712 1000 3771 itn
1021 3711 1090 3772 ferri
1112 3714 1216 3792 possit,
1238 3713 1263 3772 si
1285 3732 1339 3790 pro

292 3809 393 3872 neutro
416 3817 446 3870 et
465 3801 595 3868 ὁιαναῡν
618 3820 668 3880 pro
689 3797 842 3856 masculino
865 3796 1020 3876 accipietur
1042 3805 1127 3876 etque
1147 3819 1185 3858 ex
1202 3799 1255 3858 Ιιαα
1274 3817 1339 3874 par·

292 3889 395 3956 ticulse
416 3881 470 3952 οὖν
489 3884 661 3966 significatio
681 3885 716 3944 ιιιΙ
735 3883 802 3942 ἰΙΙαιΙ
820 3883 978 3943 redundare
993 3889 1144 3953 statuatur,
1166 3885 1220 3942 lroc
1233 3901 1332 3942 sensu:

292 3997 408 4040 nonne
435 3975 523 4035 iton
551 3972 592 4030 de
622 3970 713 4030 alius
741 3969 903 4028 cuiusvis
931 3965 1082 4026 hominis
1108 3968 1163 4030 vel
1189 3967 1245 4026 rei
1271 3986 1337 4046 gn·

292 4059 505 4124 bernntioae
536 4055 813 4117 statuendumt“
863 4051 975 4110 antunn
1002 4057 1047 4109 est
1073 4057 1166 4113 tannen
1194 4049 1338 4118 iodicium,

292 4148 367 4208 noco
399 4141 534 4222 colliges,
569 4141 687 4204 sttsrnn
719 4157 784 4198 esse
818 4135 1013 4208 masculinnm,
1048 4135 1166 4194 alterurn
1194 4141 1337 4194 αααῐτααι.
