2996 4966
1050 285 1181 366 .st

144 475 187 560 δὴ
204 480 317 561 γελοῖοι
338 471 462 560 ἓξερρδη
483 467 545 534 tad
567 470 624 534 roi
646 463 678 530 ἔτι
699 472 764 538 τοῖς
786 451 891 544 lipare
903 460 1098 544 μητυθέυτος
1113 455 1180 544 cipl-

144 586 228 640 στου,
250 563 300 628 καὶ
321 565 414 626 τοῦτο
437 553 617 629 ἐνεδείξατο,
639 548 688 615 ὅτι
706 547 844 630 μάταιος
863 543 899 620 ὃς
918 549 1032 628 pansos
1053 543 1130 610 dato
1151 568 1182 610 τι

142 644 271 726 ἡγεῖται,
298 645 318 726 3
345 642 382 706 τδ
415 639 528 714 κακὸν,
556 637 607 700 καὶ
631 632 649 702 ὃ
676 639 886 717 γελωτοποιεῖν
916 631 1071 714 ἐπιχειρῶν
1102 627 1181 715 πρὸς

139 730 235 814 ἄλλην
255 728 325 794 τινὰ
347 725 422 804 ὄψιν
440 721 624 801 ἀποβλέπων
652 717 695 793 ὥς
715 719 831 802 γελοίου
839 764 848 794 ,
876 713 899 792 3
919 713 976 798 τὴν
1004 719 1059 778 τοῦ
1079 711 1181 798 ἄφρο-

137 813 193 889 υός
213 839 247 878 τε
268 813 321 876 καὶ
342 813 455 884 κακοῦ,
482 806 502 890 3
524 802 729 881 σπουδάζει
754 802 836 886 πρὸς
857 797 1043 866 ἄλλοντινὰ
1065 799 1181 864 σκοπὸν

139 894 347 979 στησάμενος,
367 892 388 974 3
409 891 464 956 τδιι
485 895 542 956 τοῦ
563 889 697 974 ἀγαθοῦ.
733 885 924 954 Παντάπασι
944 883 1001 966 μὲν
1023 873 1089 962 οὖν,
1111 881 1180 966 ἔφη.

225 977 246 1062 3
269 975 431 1054 σπουδάζει
450 981 531 1043 valde
558 986 717 1058 suspectum
740 976 793 1038 es't.
842 975 939 1038 Edidit
965 973 995 1034 id
1020 971 1182 1043 Bekkerus,

120 1070 177 1130 'de
198 1069 268 1130 Par.
288 1069 324 1128 A.
346 1066 414 1126 nihil
434 1063 614 1146 significans,
641 1071 674 1124 ut
695 1083 733 1124 ex
759 1063 822 1124 eius
849 1059 965 1122 silentio
991 1056 1182 1138 colligendum

139 1155 193 1226 sit,
227 1173 290 1214 eum
316 1151 412 1230 optimi
440 1151 547 1210 codicis
577 1148 745 1228 scripturam
774 1155 900 1208 secutum
927 1163 1001 1206 esse.
1056 1141 1116 1202 sed
1144 1159 1183 1200 ex

116 1238 264 1298 'caeteris
281 1237 424 1296 codicibus
444 1255 482 1296 ne
503 1255 576 1294 unus
597 1235 709 1313 quidem
735 1233 821 1292 babet
839 1227 878 1310 3,
904 1229 980 1309 qnod
1002 1227 1075 1288 lob.
1097 1226 1181 1286 Vind.

135 1323 170 1382 ll.
203 1323 275 1382 Vnt.
290 1323 354 1380 nal.
386 1321 458 1379 Ven.
480 1321 514 1378 ll.
542 1323 579 1380 nt·
593 1320 658 1378 edd.
681 1323 749 1377 ante
770 1318 957 1395 Stephanum,
984 1313 1092 1393 quiex
1113 1331 1181 1371 con·

135 1407 247 1466 iectura
268 1406 366 1483 posuit
386 1399 404 1476 3
428 1397 609 1472 σπουδάζειν
630 1419 683 1478 pro
700 1401 818 1480 vulgato
840 1391 1015 1472 σπουδάζει,
1038 1398 1180 1468 omittunt,
1283 1409 1285 1422 ⁴

55 1537 57 1540 .
138 1490 275 1566 cuiusqde
297 1491 360 1546 loco
382 1488 457 1546 Ven.
477 1487 510 1542 C.
532 1484 616 1542 Vind.
633 1484 719 1542 DEF.
741 1483 809 1542 Par.
825 1483 891 1540 ΒΚ.
913 1483 989 1560 Aug.
1007 1482 1041 1539 B.
1063 1482 1128 1540 Vnt.
1144 1480 1202 1538 ll.‘

140 1573 217 1630 Flor.
240 1571 383 1632 Anauv.
413 1576 442 1628 et
462 1569 607 1630 Stobeeus
630 1567 736 1628 babent
762 1564 813 1627 rol
840 1553 1015 1638 anteriori,
1045 1565 1123 1624 lllon.
1145 1565 1180 1623 B.

139 1657 216 1713 Flor.
239 1657 275 1714 U.
297 1652 348 1714 rol
370 1649 406 1714 ori
427 1655 524 1713 καλοῦ
546 1641 596 1714 οδ.
645 1654 678 1712 ln
700 1673 757 1712 seo.
780 1653 824 1712 ed.
843 1649 1043 1712 Stcllboumius
1064 1648 1179 1720 indicat,

138 1739 166 1796 io
190 1741 267 1799 Flor.
290 1739 435 1800 ACRTV.
464 1758 515 1816 pro
542 1732 562 1816 3
590 1757 654 1798 esse
680 1735 731 1798 ani
758 1737 854 1797 κακοῦ
875 1732 927 1795 καὶ
948 1735 1044 1794 καλοῦ
1065 1721 1122 1807 οὗ,
1150 1733 1180 1792 in

139 1824 217 1884 Flnr.
238 1825 273 1884 U.
305 1821 357 1883 sol
385 1825 481 1882 κακοῦ
512 1820 563 1880 sol
595 1817 632 1881 οὐ
662 1823 761 1882 soloci
792 1808 848 1893 αὖ,
879 1820 955 1897 qued
976 1817 1180 1890 eodem'redit,

138 1928 223 1986 quum
240 1906 291 1966 xiil
309 1908 407 1967 κακοῦ
421 1906 504 1966 focile
522 1926 667 1986 perperam
691 1905 733 1964 bis
754 1903 841 1964 scribi
862 1901 997 1981 potuerit.
1032 1903 1071 1959 Ut
1091 1901 1181 1979 igitur

136 1995 292 2064 credamus,
314 1991 432 2053 veneid
453 1991 482 2048 in
504 1992 564 2048 Pur
584 1992 619 2048 A.
642 1997 773 2060 exstare,
795 1995 887 2046 tamen
910 1986 956 2049 uel
976 1985 1019 2044 sic
1039 1979 1061 2060 3
1080 2002 1195 2061 suspen

135 2085 210 2137 ctum
238 2084 291 2137 est.
346 2077 432 2136 Certe
464 2074 598 2132 credibile
630 2073 697 2132 mibi
729 2091 786 2130 non
818 2071 948 2140 videtur,
977 2069 1065 2146 quod‘
1083 2067 1183 2126 scribit

136 2153 341 2222 Schneiderus:
376 2159 562 2231 „oblitterata
588 2157 728 2236 particula
753 2149 773 2234 3
801 2156 901 2214 deesse
928 2152 1034 2230 aliquid
1062 2171 1181 2230 appere-

135 2246 195 2318 aar,
216 2247 291 2322 quod
313 2265 350 2304 ex
372 2243 556 2320 sequentibus
578 2240 761 2317 supplendum
781 2240 880 2310 visum,
903 2258 986 2315 quurn
1009 2237 1098 2314 ipsum
1114 2255 1180 2316 sup-

138 2330 308 2402 plementum
337 2327 373 2384 ad
401 2325 549 2402 superiora
575 2326 695 2382 relatum
723 2341 849 2381 moneam
877 2341 941 2380 esse
962 2321 1179 2400 intelligeretur,

138 2427 215 2469 novo
237 2410 273 2468 ab
294 2407 357 2468 aliis
378 2409 552 2488 glossemate
578 2413 689 2467 auctum
718 2412 792 2466 est.“
839 2407 870 2464 ld
891 2406 1002 2483 quidem
1023 2411 1116 2483 patet,
1143 2399 1180 2464 οδ

140 2513 159 2552 n
181 2501 345 2561 correctore
370 2492 507 2550 insertum
534 2511 612 2563 esse3
640 2487 788 2569 quominus
815 2498 908 2549 autern
936 2487 987 2548 uni
1014 2489 1111 2548 καλοῦ
1139 2480 1180 2548 οδ

137 2597 250 2654 qnoque
276 2597 295 2634 o
321 2567 490 2634 correetore
511 2574 667 2652 profectum
702 2594 766 2634 esse
798 2575 959 2645 credamus,
993 2573 1022 2632 id
1053 2573 1178 2652 inpedit,

134 2663 210 2738 quod
229 2679 285 2718 non
303 2666 424 2738 apparet
442 2659 526 2730 rutio,
548 2679 599 2718 cur
615 2659 859 2738 boc-potissimum
878 2659 988 2720 librarii
1007 2658 1048 2717 ito
1069 2658 1179 2718 deside·

132 2745 272 2816 noverint,
301 2754 333 2802 ut
360 2745 389 2802 id
417 2762 509 2821 paene
530 2763 628 2802 onnes
650 2743 737 2802 libros
759 2744 950 2823 occupaverit.
1000 2745 1124 2815 Contra,
1152 2743 1179 2804 si

132 2827 183 2888 καὶ
208 2831 305 2888 καλοῦ
332 2817 371 2887 αὖ
393 2848 447 2906 pro
468 2847 537 2887 vero
559 2829 710 2886 babeamus
718 2870 727 2899 ,
754 2827 839 2888 focile
860 2834 998 2906 opporet,¹
1021 2827 1120 2906 quiid
1141 2828 1178 2886 ob

133 2916 304 2973 urrteccdens
321 2914 420 2972 maiori
437 2933 455 2970 a
468 2913 610 2970 nonnullis
627 2920 732 2978 temere
752 2913 947 2991 praetermitti,
964 2931 1056 2990 eoque
1072 2911 1177 2972 omisso

87 2992 93 3003 ‘
136 2999 174 3054 ad
189 2999 356 3054 sententium
375 2997 523 3056 iuvandam
541 2997 688 3075 porticulo,
712 3004 742 3054 ut
755 3018 772 3055 o
784 2999 941 3075 Stephano,
963 2997 1028 3055 addi
1040 2996 1176 3075 potuerit.

136 3079 272 3140 Fortasse
298 3081 380 3140 etiam
408 3082 438 3140 in
464 3081 559 3159 aliquo
581 3081 653 3140 libro
676 3089 785 3140 tontum
807 3079 859 3140 καὶ
881 3081 977 3140 καλοῦ
998 3081 1177 3160 praetermis-

136 3183 197 3222 sam
220 3171 295 3236 crat,
316 3172 348 3222 ut
369 3159 388 3244 3
411 3185 447 3223 ex
470 3167 570 3224 relicto
592 3153 647 3240 αὖ,
676 3167 750 3244 quod
773 3165 944 3226 sententiam
964 3166 1107 3238 turbaret,
1133 3165 1177 3225 fe-

135 3255 209 3306 ctum
232 3249 278 3307 sit.
327 3251 440 3307 Certum
462 3258 555 3309 autem
577 3257 622 3311 est
642 3250 724 3322 illud,
756 3249 862 3310 firmius
889 3271 907 3310 a
928 3249 1073 3310 codicibus
1099 3255 1177 3310 sture

132 3331 185 3390 καὶ
213 3333 312 3392 καλοῦ
339 3325 397 3406 αδ,
422 3354 502 3413 quarn
524 3331 561 3413 3,-
578 3354 680 3412 ,neque
707 3336 737 3394 id
764 3356 821 3394 non
848 3335 922 3416 legit
947 3335 1078 3406 Ficinus,
1109 3333 1178 3394 licet

132 3435 184 3494 pro
206 3414 258 3474 καὶ
280 3419 410 3496 posuerit
430 3427 503 3478 out:
531 3419 637 3478 uliam
665 3420 859 3497 quampiam
880 3419 950 3478 sibi
973 3438 1177 3498 proponens

133 3502 332 3561 derisionis
374 3523 527 3574 consero,
572 3523 671 3582 quam
707 3503 799 3581 quod
837 3503 1032 3582 insipidum
1068 3508 1177 3580 atquc
1207 3559 1208 3564 ,

92 3586 275 3660 „malume
302 3596 363 3646 out
388 3589 576 3648 bonestum
604 3589 853 3668 quicquamst
880 3587 1003 3646 studio
1032 3586 1187 3672 dignum

135 3667 333 3744 existimat,
363 3673 436 3732 alio
464 3673 669 3750 respiciens
691 3693 789 3751 quarn
811 3673 853 3732 ed
873 3671 1010 3732 bonurn.
1055 3673 1177 3731 Senten-

132 3751 193 3810 tiae
213 3773 281 3813 vero
302 3757 443 3816 rationem
465 3756 632 3814 habentibus
662 3757 744 3815 nobis
773 3759 861 3816 multo
889 3763 1038 3835 praestare
1064 3757 1182 3818 videtur.

129 3833 181 3894 καὶ
203 3839 298 3898 nolui
320 3831 372 3908 αὖ,
395 3841 471 3918 quod
492 3839 617 3898 editores
638 3859 675 3896 ne
696 3839 826 3898 examine
841 3841 952 3916 quidem
974 3838 1090 3919 dignum
1113 3862 1177 3904 esse

128 3922 275 4000 putabant.
321 3926 422 3984 Posito
445 3923 518 3984 enim
540 3916 560 3999 3
582 3922 724 3982 sententio
744 3923 815 3980 baec
836 3929 895 3997 est:
917 3923 1030 4002 ineptus
1052 3933 1105 4003 est,
1128 3928 1177 4006 qui

128 4005 291 4085 alindqnid
314 4009 462 4068 ridiculum
481 4014 579 4087 putat,
609 4025 691 4086 qnam
712 4007 828 4078 malum,
858 4013 888 4068 et
909 4008 957 4088 qni
977 4009 1065 4071 risun
1085 4019 1176 4072 motu-

126 4107 174 4148 rus
193 4093 231 4150 ad
252 4093 337 4152 aliam
360 4093 484 4172 speciem
505 4101 645 4172 tmpus
666 4092 778 4156 ridiculi
800 4099 919 4174 spectat
942 4115 1025 4175 quon
1046 4096 1177 4156 adhunc
