2996 4966
310 323 451 398 52·

310 495 470 576 insipientis
491 509 522 560 et
543 501 623 574 maii,
653 509 703 562 out
724 504 772 583 qai
793 515 928 586 properat
949 511 986 570 ad
1007 511 1091 571 aiium
1112 513 1197 575 finem
1219 517 1274 577 sibi
1296 541 1364 600 prn-

310 583 443 660 positam,
465 603 547 663 qnam
568 587 642 648 hunc
663 587 740 650 boni.
785 592 870 658 Quod
892 602 1066 672 postremum
1087 619 1145 658 non
1168 611 1289 680 apparet
1312 627 1365 667 cur

309 667 433 726 additum
460 671 514 742 sit,
541 690 625 750 quum
654 675 808 734 secundum
838 679 1040 741 antecedentia
1068 689 1178 754 tantum
1200 687 1236 751 de
1258 707 1294 748 eo
1316 691 1364 754 iric

258 783 262 789 ·
309 771 402 810 sermo
424 773 489 813 essa
511 775 596 834 posse
617 756 762 830 videatur,
792 761 860 839 quid
887 764 1021 824 decorum
1049 774 1099 825 aut
1125 769 1291 832 indecorum
1314 777 1361 850 sit,

309 855 366 893 non
395 837 430 896 de
459 857 511 911 eo,
537 848 631 898 utrum
661 841 765 902 bonam
793 852 830 904 an
857 848 959 907 malum
986 848 1072 910 finem
1093 853 1195 932 aliquis
1226 865 1356 939 persequi

310 919 421 980 debeat.
466 923 549 989 Quae
575 925 791 1002 incommoditas
812 932 974 992 removetur
995 935 1089 1016 posito
1110 935 1162 998 ani
1184 943 1282 1002 καλοῦ
1303 937 1358 1006 od:

307 1005 452 1084 ineptas
479 1015 548 1080 est,
575 1011 635 1088 qui
662 1012 760 1071 eliud
787 1015 869 1092 quid
896 1017 1087 1080 ridiculum
1115 1027 1232 1101 putat,
1261 1046 1361 1106 quam

305 1089 445 1163 maium,
468 1099 502 1152 et
522 1093 629 1152 risum
652 1103 812 1157 moturus
834 1101 875 1159 ad
893 1101 997 1162 aliam
1014 1107 1169 1183 speciem
1187 1117 1359 1188 spectans

306 1180 480 1254 tamquam
507 1177 673 1251 ridiculi,
710 1199 809 1259 quam
837 1185 926 1244 hanc
953 1187 1169 1268 insipientis
1197 1201 1233 1253 et
1260 1199 1358 1272 mali,

306 1263 342 1316 et
363 1279 492 1320 rursus
523 1263 582 1342 qni
612 1269 786 1343 tamquam
813 1269 951 1346 pulchri
978 1273 1021 1332 ad
1050 1275 1156 1335 alium
1182 1291 1359 1359 proporat

306 1340 412 1402 finem
438 1345 511 1405 sibi
537 1349 777 1427 propositum,
809 1371 910 1429 quam
930 1355 1023 1416 hunc
1046 1359 1137 1420 boni.
1161 1419 1163 1430 ,
1186 1361 1266 1427 Quae
1287 1385 1353 1424 sen·

285 1428 396 1490 ,tentia
418 1436 448 1488 et
466 1429 615 1510 'aptissima
636 1440 666 1492 et
682 1433 904 1496 luculentissimo
924 1439 1047 1502 videtur.
1091 1445 1155 1504 Non
1168 1448 1253 1506 multo
1274 1457 1353 1528 post,

304 1532 332 1590 p.
357 1518 427 1574 457.
449 1515 488 1574 B:
522 1509 673 1576 κάλλιστα
698 1512 758 1598 peip
780 1514 820 1599 δὴ
841 1523 934 1584 τοῦτο
957 1523 1009 1584 καὶ
1030 1522 1147 1605 λέγεται
1167 1528 1219 1591 καὶ
1240 1530 1356 1606 istite-

303 1616 355 1653 τοι
361 1639 372 1668 ,
400 1591 449 1656 ὅτι
471 1593 505 1659 τὸ
527 1595 585 1676 μὲν
606 1595 762 1680 ὠφέλιμον
783 1599 899 1681 καλὸν,
920 1602 955 1668 τὰ
979 1605 1013 1668 δὲ
1032 1608 1191 1694 βλαβερὸν
1212 1611 1355 1698 αἰσχρόν.

302 1679 485 1739 linuntiatum
514 1675 650 1756 μάταιος
679 1679 715 1754 ὃς
746 1720 788 1732 -
823 1685 1035 1772 τοῦ-ἀγαθοῦ
1066 1697 1207 1760 dirimitur
1237 1701 1267 1760 in
1299 1703 1357 1761 duo

305 1763 441 1839 membra,
472 1785 590 1844 qnorum
617 1768 737 1829 alterum
765 1779 811 1832 est
838 1772 889 1833 καὶ
917 1779 1015 1838 καλοῦ
1037 1767 1078 1838 ori
1100 1777 1264 1858 σπουδάζει
1287 1795 1356 1860 etc,

302 1847 350 1904 ubi
372 1867 409 1906 ex
431 1849 526 1928 priore
547 1853 671 1916 membro
693 1859 881 1918 antenodori
903 1861 1081 1942 cogitatione
1102 1869 1288 1946 repetendum
1310 1878 1401 1930 est*

302 1924 361 2005 ὡς,
383 1939 451 1992 aute
472 1929 636 2008 σπουδάζει
658 1957 815 2016 pronomen
837 1936 889 2018 ὃς,
912 1949 987 2024 quod
1004 1967 1126 2026 prorsus
1148 1953 1184 2010 de
1206 1975 1284 2013 more
1305 1954 1354 2028 fit3
1442 1989 1446 2010 ι

301 2022 331 2073 et
349 2019 565 2097 retorperet
581 2039 619 2078 ex
641 2015 736 2083 citior
758 2022 826 2085 τινὰ
849 2025 976 2102 σκοπὸν,
999 2039 1031 2088 nt
1052 2032 1170 2108 γελοίου
1192 2055 1230 2092 cx
1252 2033 1352 2110 ἄλλην
1373 2065 1376 2068 ·

299 2095 368 2158 τινὰ
391 2095 477 2178 ὄψιν.
527 2103 612 2163 Prius
634 2111 728 2166 autem
751 2111 889 2169 enuntiati
911 2113 1061 2171 membrum
1083 2115 1112 2172 in
1134 2115 1205 2174 duas
1228 2117 1349 2178 discedit

300 2191 411 2262 partes,
445 2205 561 2264 quarum
592 2193 736 2268 posterior
762 2195 840 2272 qnasi
867 2215 918 2273 per
947 2198 1123 2278 epexegesim
1156 2199 1193 2258 ad
1226 2203 1350 2279 priorem

300 2269 420 2330 accedit.
470 2272 569 2351 itaque
591 2277 678 2334 semel
700 2284 807 2337 tantum
828 2275 907 2338 facto
929 2291 974 2339 est
996 2301 1088 2360 eaque
1108 2284 1255 2342 lenissima
1276 2291 1348 2343 stru-

299 2360 398 2414 oturae
425 2357 543 2416 mutatio
572 2357 600 2416 in
623 2362 715 2420 altaro
738 2364 876 2437 membro3
908 2371 942 2422 ut
967 2366 1018 2448 iiia
1045 2387 1158 2446 quoque
1180 2369 1293 2428 sublata
1313 2369 1348 2426 sit

298 2437 460 2512 difficultas,
483 2460 556 2519 quae
575 2453 691 2524 recepto
707 2440 738 2521 ἢ,
761 2469 845 2527 quum
862 2449 905 2508 sic
922 2450 951 2508 in
972 2451 1028 2510 tria
1046 2454 1170 2511 membra
1193 2453 1351 2511 discederet

298 2523 400 2592 oratio,
422 2523 452 2582 in
474 2545 509 2584 eo
531 2529 625 2606 posita
647 2539 718 2600 crat,
741 2535 817 2608 quod
839 2534 963 2610 scriptor
989 2552 1026 2592 ex
1055 2537 1147 2592 altera
1175 2536 1204 2592 in
1232 2539 1350 2600 aiteram

296 2607 535 2670 constructionem
558 2613 706 2683 transibat,
738 2622 769 2670 et
791 2616 894 2672 deinde
921 2633 978 2670 non
1001 2617 1124 2690 repetito
1147 2611 1199 2688 tr,
1227 2639 1264 2676 ex
1293 2639 1350 2696 quo

296 2693 358 2770 ipso
376 2694 513 2754 vocabulo
529 2703 673 2756 structura
692 2698 804 2774 pendet,
827 2697 864 2753 ad
881 2696 1002 2773 priorem
1015 2697 1135 2756 redibat.
1149 2731 1191 2742 —
1205 2701 1349 2759 Scideier-

294 2777 456 2848 macheras,
486 2781 745 2850 ntSchneiderus,
774 2780 936 2839 Bekkerum
960 2789 1075 2839 secutus
1099 2789 1151 2841 eat.
1204 2785 1350 2844 Staiibau·

260 2921 265 2924 ,
294 2859 367 2918 mius
389 2859 439 2920 xci
461 2853 501 2923 αὖ
523 2857 686 2936 σπουδάζει
703 2864 800 2936 edidit,
823 2865 900 2943 quod
920 2864 1074 2924 mirandum
1091 2867 1213 2931 videtur.
1250 2869 1350 2928 Aetius

295 2945 417 3005 coniecit
438 2947 488 3008 aori
508 2950 720 3033 γελωτοποιεῖν
743 2945 887 3032 ἕνιιχιιριῖ
904 2982 947 2994 -
969 2945 988 3028 ἢ
1010 2943 1185 3024 σπουδάζει.
1242 2985 1244 2990 -

748 3116 902 3130 ιι-ι--ι

544 3311 546 3314 ,
627 3231 717 3296 nru.
740 3231 783 3298 v.
810 3251 843 3314 p.
864 3227 938 3295 ιιι.
969 3229 1011 3295 a,

378 3359 464 3430 Εἶεν·
487 3367 514 3430 εἰ
533 3361 567 3426 dd
589 3359 628 3445 δή
651 3386 681 3425 τι
702 3359 803 3436 οὕτως
824 3359 892 3444 ipra,
914 3360 957 3438 ὥς
979 3359 1059 3426 εἶναί
1076 3384 1109 3428 τε
1127 3369 1179 3430 καὶ
1196 3368 1240 3448 μὴ
1259 3365 1349 3444 εἶναι,

294 3446 331 3512 οὐ
352 3450 468 3528 μεταξὺ
495 3446 535 3510 dv
562 3447 661 3512 ιιέοιτο
688 3452 745 3512 τοῦ
767 3448 935 3530 εἰλικρινῶς
957 3447 1048 3520 ὄντος
1069 3453 1120 3511 καὶ
1142 3457 1197 3515 τοῦ
1219 3442 1259 3511 ori
1279 3475 1345 3528 μη·-

653 3530 662 3554 Ι

293 3535 379 3618 δομῇ
402 3534 508 3610 ὄντος
532 3535 673 3606 Maraeu.
713 3531 839 3596 Οὐκοῦν
860 3533 908 3593 ἐπὶ
929 3532 985 3610 μὲν
1008 3538 1051 3617 τῷ
1074 3532 1141 3597 ὄντι
1161 3538 1273 3638 prome
1291 3523 1345 3614 ἦν,

295 3600 433 3700 dpvinata
461 3612 492 3676 d’
523 3615 556 3690 ἐξ
584 3615 722 3695 ἀνάγκης
742 3615 789 3675 tat
812 3614 855 3695 prr}
878 3613 955 3690 dau,
978 3615 1025 3678 tut
1054 3624 1102 3703 τῷ
1131 3619 1276 3722 μιταξιι
1307 3618 1348 3680 δὲ
1404 3673 1408 3680 .

237 3743 240 3749 -
292 3701 395 3768 eodem
425 3696 541 3782 μεταξύ
568 3709 603 3761 τι’
623 3699 675 3758 καὶ
702 3695 848 3778 ζητητέον
875 3695 1001 3780 ἀγνοίας
1027 3725 1059 3766 τε
1087 3703 1139 3766 καὶ
1166 3702 1349 3785 ἒπιστημης,

291 3787 322 3852 εἴ
339 3769 531 3866 τιιτνγχᾶιέι
553 3779 587 3846 ὂν
607 3785 765 3862 τοιοῦτον,·
791 3779 881 3846 Πάνυ
902 3784 957 3861 μὲν
980 3777 1045 3848 οὖν.

379 3873 423 3954 τῷ
443 3867 560 3947 μεταξῦ
584 3865 630 3930 δὲ.
672 3870 722 3930 Sic
744 3871 808 3932 edd.
838 3892 935 3934 omnes
964 3881 1076 3952 praeter
1098 3875 1345 3936 Staiibaumionan

293 3965 324 4018 et
346 3959 429 4018 codd.
459 3955 530 4015 Ven.
553 3957 588 4016 B.
616 3957 694 4015 Flor.
717 3957 757 4016 Τ.
779 3957 855 4016 Ante
876 3959 921 4037 τῷ
943 3952 1057 4031 pecudi
1082 3967 1195 4034 ponunt
1216 3954 1250 4015 δὲ
1270 3961 1349 4040 Aug.

290 4043 326 4102 B.
360 4029 437 4100 Pior.
460 4039 497 4098 R.
525 4049 555 4098 et
575 4041 873 4120 per'additamentum
899 4060 918 4098 a
939 4060 975 4098 m.
997 4061 1041 4118 pr.
1066 4041 1146 4099 Vind.
1169 4043 1204 4107 F,
1226 4043 1272 4123 τῷ
1293 4065 1352 4119 με-

292 4120 370 4198 ταξὺ
391 4118 454 4208 ἄρα
476 4123 581 4186 habent
603 4125 676 4185 Vind
691 4125 752 4183 Bi).
796 4123 910 4182 caeteri
932 4124 1015 4184 codd.
1034 4124 1142 4210 ⁸nudum
1165 4124 1210 4206 τῷ
1230 4121 1351 4202 pernisi
