2996 4966
302 291 358 366 28

296 459 397 527 ,λεύειν
425 485 488 526 cum
513 465 589 526 iinec
616 467 668 526 sub
696 468 787 528 ultero
814 461 966 528 δουλεύειν
993 475 1061 529 ente
1081 487 1155 528 corr.
1198 468 1259 525 l’ro
1283 461 1353 526 ἀντι
1445 471 1453 486 ”

303 552 382 610 Mon.
408 552 442 610 B.
471 551 548 610 dior.
570 553 606 610 U.
627 545 712 625 ὄντε,
745 552 828 613 suot.
856 553 922 612 eod·
948 553 982 612 A.
1011 555 1055 613 ed.
1082 548 1233 612 utineam
1249 547 1353 621 ὄντος.

268 649 273 654 “
304 637 403 714 iteque
424 653 481 694 nen
503 635 641 694 immerito
662 637 823 716 suspicetur
843 637 1047 710 Soirneiderus‚
1079 637 1155 696 eliud
1176 636 1243 714 quid
1267 637 1312 695 Ιιὶο
1334 659 1354 696 ει

303 721 425 780 Plutone
446 720 581 798 seriptum
600 719 705 792 fuisse,
732 740 815 800 quem
837 723 920 800 quod
932 723 1021 802 vulgo
1042 721 1160 801 iegitur,
1212 721 1352 780 Videntur

302 804 481 864 librariorum
509 805 584 864 oculi
610 805 646 864 eb
673 805 765 864 altero
794 797 948 893 δουλεύειν
975 808 1012 865 nd
1039 806 1158 865 alterum
1187 805 1347 876 oberrasse,

303 895 336 948 ut
356 889 399 948 sic
426 888 585 948 exciderint
610 890 760 961 nonnulle,
788 889 889 968 quibus
913 891 1038 968 receptis
1063 891 1116 950 hoe
1141 889 1254 949 ratione
1281 891 1352 950 scri-

304 973 425 1032 bendum
452 973 590 1033 erbitror:
624 969 690 1033 δίου
717 970 773 1053 (ευ.
796 969 900 1054 ὄντος)
927 971 1052 1050 πρίπειν
1073 968 1158 1054 αύτῷ
1185 968 1352 1047 δουλεύειν,

303 1051 418 1142 τοῦδ’
446 1051 483 1118 οδ
509 1049 660 1118 δουλεύειν
687 1053 815 1132 ἀρχικοῦ
847 1057 952 1138 γένους
984 1053 1092 1134 ύντος,·
1114 1089 1161 1105 ·-
1186 1058 1351 1118 insurre-

304 1141 460 1201 ctionem
491 1141 610 1221 pertis
642 1141 800 1202 alicuius
833 1149 961 1204 contre
999 1150 1112 1202 totum
1143 1143 1269 1218 enimi,
1311 1151 1352 1202 ut

303 1233 433 1306 regnet
463 1225 497 1285 in
529 1245 586 1298 eo,
622 1245 725 1306 quum
758 1246 825 1285 non
857 1234 1045 1306 oporteat,
1086 1227 1150 1287 sed
1179 1228 1268 1304 telis
1297 1228 1351 1286 sit

246 1346 248 1353 ι
303 1317 447 1381 notura,
475 1310 594 1388 qualis
615 1311 647 1368 si
668 1311 732 1382 sit,
753 1311 897 1372 servire
918 1331 990 1375 uem
1012 1313 1152 1384 deceat,
1178 1329 1243 1370 non
1266 1329 1344 1370 ser-

234 1395 238 1398 ’
303 1395 380 1456 vire
401 1400 516 1472 eutem
539 1395 776 1472 imperatorio
798 1397 930 1474 generi
953 1397 1165 1458 conveniutt
1183 1395 1219 1454 id
1240 1402 1296 1467 est,
1318 1395 1346 1452 si

303 1474 338 1539 εδ
367 1474 531 1555 θυμοειδὲς
556 1484 607 1538 eut
633 1473 667 1538 εδ
695 1475 920 1557 ἐπιθυμητικὸν
942 1501 1064 1562 regnare
1086 1481 1172 1542 velint
1192 1480 1222 1538 in
1243 1479 1347 1548 enimc,

303 1581 387 1640 quum
412 1564 484 1622 hoec
509 1562 618 1624 servire
645 1563 760 1634 deceat,
787 1584 845 1622 non
866 1566 975 1627 servire
996 1561 1032 1626 κδ
1055 1556 1236 1643 λογιστικόν.
1257 1559 1350 1649 ἔντος

304 1647 428 1724 pertinet
458 1647 494 1705 ed
524 1647 579 1706 τοῦ
610 1641 647 1706 ού
677 1641 849 1726 δουλεύεινς
880 1645 1007 1726 ἀρχικοῦ
1039 1646 1144 1729 γίνους
1173 1649 1278 1726 pendet
1310 1667 1350 1706 ex

302 1725 401 1800 ὄντος.
425 1723 461 1788 ού
483 1723 634 1790 δουλεύειν
654 1732 826 1791 coniunctim
849 1735 1030 1816 cogitandum
1053 1741 1106 1804 est,
1129 1740 1269 1810 tamquam
1291 1749 1351 1790 une

302 1814 398 1888 notio;
419 1813 503 1892 idque
524 1833 617 1892 poene
636 1815 710 1875 idem
731 1824 790 1889 est,
819 1821 896 1896 quod
916 1813 1036 1898 ἀρχειν,
1059 1817 1290 1896 qnemedmodnm
1311 1810 1350 1874 οὔ
1386 1855 1389 1876 i

298 1892 402 1969 αάναι
420 1905 464 1958 est
480 1917 629 1979 regere,
652 1895 708 1960 σύν
730 1897 795 1986 ipio
815 1911 949 1962 vetere.
993 1901 1039 1962 cf.
1057 1903 1135 1962 Frid.
1155 1901 1303 1962 Fronkius,
1312 1900 1348 1958 de

303 1982 454 2043 Particulis
475 1989 594 2063 negent.
613 1984 632 2042 l.
646 1985 747 2044 Graec.
769 1987 792 2042 Ι.
809 2005 837 2060 p.
853 1993 947 2062 ttsqq.
977 1987 1060 2048 Quod
1076 1985 1165 2060 ipsum
1186 1985 1347 2040 nescientes

246 2098 253 2106 ·
300 2067 410 2128 librarii
427 2068 521 2126 induci
536 2075 689 2145 potuerunt
701 2068 737 2126 ed
751 2067 921 2124 mutandum.
953 2065 1070 2124 Videtur
1085 2073 1180 2124 eutem
1193 2064 1257 2122 ideo
1270 2064 1341 2122 ecri-

302 2159 367 2231 ptor
389 2171 445 2210 non
463 2145 568 2230 ἀρχειν
586 2153 630 2214 vel
649 2149 738 2209 simile
757 2149 872 2210 verbu·
894 2149 1033 2228 posuisse,
1056 2150 1106 2208 sed
1126 2143 1162 2208 ού
1177 2141 1345 2220 δουλεύειν,

302 2244 334 2296 ut
355 2229 506 2297 δουλεύειν
526 2243 556 2296 ct
573 2230 609 2296 od
630 2226 781 2293 δουλεύειν
802 2233 888 2292 iuter
900 2255 932 2293 se
954 2241 1175 2312 opponerentur.
1219 2231 1347 2290 incidere

302 2322 393 2402 possit
413 2320 498 2380 etiem
519 2320 620 2398 uliquis
640 2319 669 2378 in
693 2317 864 2397 opinionem,
888 2319 1066 2377 scribendum
1088 2337 1153 2375 esse
1173 2318 1231 2374 τοῦ
1253 2309 1284 2373 δ’
1308 2301 1347 2372 αδ

301 2402 345 2486 μὴ
368 2398 533 2479 δουλεύειν,
561 2405 637 2482 quod
658 2409 752 2463 tenen
773 2401 866 2461 minus
887 2409 983 2482 eptunr
1005 2409 1092 2462 esset.
1136 2401 1213 2466 Quid
1234 2399 1347 2458 Fioinus

302 2491 421 2572 legerit,
449 2510 506 2570 ego
528 2509 585 2547 non
607 2489 678 2546 satis
700 2506 852 2565 assequor,
881 2507 964 2566 quum
991 2487 1093 2547 vertit:
1122 2493 1160 2544 et
1187 2484 1347 2542 inseden-

304 2577 371 2636 t‘em
407 2576 528 2654 pertis
562 2573 741 2634 cuiusdam
780 2571 1137 2650 praevaricationem
1174 2569 1347 2640 adversus

304 2666 412 2720 totam
433 2658 580 2719 animem
601 2657 836 2728 rebellantis,
853 2653 1155 2734 insurgentisque
1177 2650 1218 2708 ud
1239 2649 1345 2726 impe-

304 2745 449 2804 rendum
479 2743 583 2824 regio
613 2741 721 2816 enimi
750 2740 892 2822 generi,
924 2739 980 2799 oui
1008 2736 1149 2796 servire
1179 2753 1251 2792 eom
1281 2752 1343 2790 uu·

304 2835 385 2889 ture
409 2827 516 2886 iubet.

751 2907 904 2918 0*—

636 3023 723 3090 cur.
750 3023 788 3092 v.
816 2973 849 3108 p.
871 3021 945 3087 εει.
974 3021 1015 3085 Α.

390 3168 526 3225 Socrates
548 3183 575 3241 p.
594 3167 666 3224 450.
688 3163 727 3234 B,
750 3163 785 3223 Ο.
807 3158 943 3218 invitatus
971 3157 1007 3214 nd
1035 3155 1251 3230 exponendum,
1279 3171 1349 3230 quee

306 3253 335 3310 in
356 3269 432 3310 nove
459 3247 575 3307 eivitctc
602 3247 765 3306 custodibus
790 3241 888 3301 futuru
909 3240 948 3298 sit
968 3237 1300 3379 commuuioliirepwum
1322 3244 1350 3295 et

306 3335 449 3396 mulierum
472 3331 703 3410 educationieque
725 3327 919 3408 porvulorum,
947 3323 1035 3385 veniis
1057 3323 1176 3402 proictir
1218 3319 1349 3420 ubitetio:

307 3420 404 3494 uibus,
427 3437 478 3476 eur
499 3436 556 3476 rem
579 3411 713 3476 lubricam
735 3413 859 3497 aggredi
882 3410 969 3480 nolit,
992 3415 1171 3490 postremum=
1185 3403 1277 3505 ''ddi“
1303 3423 1347 3478 μη

307 3501 435 3586 σφαλείς
455 3503 512 3580 τῆς
532 3496 683 3579 ἀληθείας
708 3495 746 3560 ού
768 3494 868 3574 μόνον
885 3489 996 3562 αὐτὸς,
1024 3487 1102 3550 ἀλλά
1131 3486 1181 3548 καὶ
1202 3505 1276 3555 τους
1297 3483 1348 3560 φί-

184 3605 193 3619 ·
308 3591 381 3658 λονς
407 3582 707 3660 ξυνεπισοασάμενος
734 3579 873 3653 κείσομαι
901 3573 967 3652 περὶ
995 3571 1016 3634 di
1042 3571 1163 3654 ἥκιστα
1179 3570 1228 3631 δεῖ
1245 3563 1349 3646 optt-

308 3675 430 3735 λεσθαι.
456 3667 620 3750 προσκυνῶ
648 3661 681 3722 δὲ
701 3654 917 3742 Ἀδράστειαν,
947 3647 972 3719 ιδ
999 3655 1169 3734 Γλαύκων,
1193 3649 1286 3733 χάριν
1314 3639 1350 3713 eir

307 3753 408 3835 μίλλαν
433 3751 537 3834 λίγειν.
564 3745 672 3820 ίλιιίζιο
698 3741 758 3825 peip
780 3733 834 3806 οὗν
856 3740 985 3805 ἔλαττον
1006 3738 1178 3820 ἀμάρτημα
1200 3735 1352 3808 ἀκουσίους

307 3838 391 3914 τινδς
417 3833 513 3920 φονέα
541 3827 701 3910 γενίσδαι,
730 3827 749 3911 ἢ
777 3827 942 3892 ἀπατεῶνα
969 3829 1072 3888 καλῶν
1094 3847 1127 3886 τε
1148 3821 1199 3886 καί
1222 3819 1349 3900 ἀγαθῶν

309 3925 359 3987 καλ
392 3913 552 3986 δικαίων
586 3913 757 3993 νομίμων
792 3911 868 3992 πίρι.
902 3915 994 3974 τοῦτο
1022 3899 1076 3970 οἶν
1103 3905 1139 3970 νδ
1166 3901 1352 3983 κινδύνευμα

310 3999 489 4072 κινδυνεύειν
524 3994 555 4057 ἕν
582 3995 707 4080 ίχδροίς
740 4006 886 4079 κρεῖττον,
922 3992 940 4071 ἢ
969 3991 1081 4074 φίλοις·
1117 3987 1210 4051 dion
1239 3979 1277 4048 εὗ
1309 4009 1351 4066 με

309 4084 546 4173 παραμυδεΐ.
