2996 4966
318 347 376 420 20

1242 433 1244 438 ·
1267 422 1282 453 0

316 520 460 580 citationem
494 520 534 579 ita
565 520 665 583 vertit:
699 495 898 594 videamus,
939 529 1061 582 utrum
1090 522 1264 603 agendum
1303 525 1370 587 boc

274 641 286 654 -
320 605 426 665 diviti
456 624 568 684 neque
595 607 674 665 sinc
704 627 744 666 ea
766 627 852 668 cura
872 607 1001 669 vitalis
1021 608 1096 669 rita
1117 607 1181 680 rit3
1210 627 1253 666 an
1277 629 1370 670 mor-

254 723 258 729 ·
321 690 440 748 borum
476 690 633 750 nutritio
666 689 796 752 fabrili
828 692 966 771 quiden
999 698 1034 752 et
1061 691 1197 767 ceteris
1224 694 1370 756 artibus
1433 703 1438 718 “

320 775 600 852 impedimentum
621 773 757 836 offerat
777 776 994 836 intentionis
1011 775 1132 848 animi,
1155 775 1370 856 Pbocytidir

319 866 436 918 nutem
463 866 697 940 praeceptum
725 879 794 920 non
823 861 1006 942 impediat.
1042 861 1122 933 „boc
1149 866 1237 933 est,“
1265 863 1367 942 inquit,
1477 923 1478 928 ,

320 949 432 1013 „utrum
455 943 575 1002 colenda
592 943 686 1004 ¹virtor
707 945 786 1006 diviti
807 945 849 1005 ita
869 945 921 1017 rit,
943 952 976 1006 ut
997 945 1062 1004 bnic
1081 944 1133 1004 uni
1153 964 1241 1006 curae
1261 947 1369 1028 impen-

319 1028 388 1086 dere
410 1027 495 1089 vitam
519 1028 635 1100 debeat,
664 1048 700 1088 an
723 1028 861 1110 coniungi
882 1050 944 1089 cum
967 1029 1109 1090 eaiiccat
1130 1030 1265 1104 alteram,
1293 1054 1369 1094 mor-

320 1111 381 1170 omi
411 1111 538 1190 corporis
566 1115 694 1173 curam.“
746 1113 909 1193 Eodemque
934 1113 997 1174 fere
1024 1115 1108 1173 mado
1135 1116 1263 1194 explicat
1282 1118 1367 1178 etiam

319 1196 531 1256 Staiibnumius.
580 1197 638 1258 Sed
666 1196 735 1256 nibil
762 1199 820 1258 talc
845 1198 922 1258 inter
948 1219 981 1258 ae
1007 1218 1153 1258 commune
1174 1201 1280 1260 babent
1299 1203 1365 1262 iiia:

320 1279 426 1339 civiti
449 1281 620 1340 virtutem
642 1283 828 1342 colendam
846 1302 942 1357 ease,
961 1290 1006 1343 et:
1028 1283 1227 1344 morborum
1249 1287 1364 1346 nutri·
1390 1359 1398 1365 ν

320 1364 454 1422 tionem
482 1363 609 1424 sabriii
636 1366 775 1444 quidem
793 1375 833 1427 et
853 1368 1014 1427 coateri·
1042 1368 1185 1428 artibus
1212 1369 1360 1448 impedi·

318 1456 469 1506 mentun
497 1447 637 1508 afferre
663 1449 887 1510 intentionis
914 1452 1039 1524 onimi,
1070 1453 1279 1530 Pbocylidis
1299 1473 1359 1513 au·

320 1541 385 1591 tem
415 1539 620 1610 praecptum
650 1553 717 1592 nou
745 1535 936 1614 impedire,
952 1535 998 1596 'ut
1022 1538 1097 1598 inter
1118 1558 1150 1598 re
1172 1539 1363 1618 opponique

320 1622 378 1674 unt.
428 1617 497 1675 Nam
518 1617 582 1675 fieri
604 1623 714 1694 potent,
742 1625 775 1677 ut
796 1619 876 1680 diviti
897 1621 988 1682 virtus
1009 1623 1128 1680 colenda
1149 1623 1202 1693 sit,
1235 1630 1264 1682 et
1286 1621 1366 1699 siccut

320 1706 413 1776 proteat
434 1697 511 1769 fieri,
543 1708 575 1757 nt
603 1701 762 1760 morborum
788 1704 907 1764 nutritio
929 1706 1037 1765 artibus
1058 1712 1088 1765 et
1109 1707 1206 1766 virtuti
1228 1707 1369 1766 colendae

319 1780 435 1840 officiat.
484 1784 606 1860 ideoque
633 1785 717 1844 etiam
744 1787 857 1848 adiecta
883 1789 1036 1868 explicatio
1059 1789 1126 1848 nihii
1148 1807 1296 1850 commune
1316 1791 1368 1850 ba·

320 1868 367 1924 bot
388 1885 449 1924 cum
473 1867 602 1925 Platonis
624 1869 727 1944 verbis,
749 1871 779 1930 in
801 1874 901 1952 quibua
923 1893 1014 1951 nequc
1036 1875 1090 1934 bac
1110 1873 1287 1948 dictumest,
1309 1874 1367 1935 vir·

319 1959 406 2009 tutem
428 1951 517 2010 roiam
540 1951 620 2012 diviti
641 1955 787 2015 colendam
809 1977 883 2028 erae,
906 1977 997 2035 nequa
1014 1959 1081 2016 iliud
1100 1959 1277 2036 proponitur,
1300 1977 1366 2017 num

319 2035 450 2094 virtutum
476 2054 533 2094 una
561 2055 623 2094 cum
651 2040 808 2106 morborum
831 2038 986 2098 nutritione
1006 2059 1142 2097 exercere
1163 2041 1264 2110 liceat,
1293 2059 1364 2115 quo-

318 2121 393 2177 niam
415 2119 558 2179 enunciati
580 2122 703 2182 membra
723 2121 812 2181 ocutis
833 2127 940 2180 tantum
962 2121 1107 2180 rombuiia
1127 2113 1255 2194 πότερον
1277 2128 1307 2178 et
1328 2115 1361 2198 ἤ,

319 2205 370 2262 aed
392 2203 468 2262 nulio
490 2204 602 2263 interno
624 2205 735 2267 vinculo
757 2206 832 2264 iuter
853 2225 885 2264 rc
906 2206 1069 2264 cohaerent.
1120 2204 1211 2261 Porro
1234 2204 1363 2278 μελετη-

318 2285 388 2347 τέον
414 2288 506 2347 τοῦτο
536 2288 638 2349 referri
660 2311 715 2349 non
737 2297 833 2368 potest
853 2290 889 2348 od
911 2285 1021 2367 ἀρετὴν
1043 2284 1160 2348 ἀσκεῖν.
1208 2287 1280 2344 Nam
1301 2305 1365 2344 cre-

319 2372 404 2432 dibile
418 2391 475 2431 non
490 2381 544 2445 ast,
563 2376 710 2434 Socratem
727 2375 768 2434 ita
783 2375 941 2434 locuturum
954 2373 1058 2431 fuisse:
1094 2373 1142 2430 Nc
1164 2371 1205 2428 da
1225 2371 1291 2428 hac
1313 2389 1364 2440 re,

320 2455 410 2537 (num
439 2457 556 2516 virtus
585 2459 691 2518 diuiti
720 2460 927 2518 exercenda
948 2454 1033 2536 sit,)
1068 2475 1141 2515 cum
1165 2471 1205 2512 eo
1227 2474 1363 2534 pugna-

301 2553 401 2614 mus,
423 2540 452 2600 id
474 2547 528 2615 cut,
551 2541 691 2599 Virtutem
713 2542 793 2602 diviti
815 2543 1003 2601 exercendam
1025 2559 1090 2598 ease
1109 2539 1148 2594 itti
1165 2545 1383 2608 corcedomus,¹
1481 2617 1482 2630 χ

319 2627 390 2704 ipsi
418 2633 532 2685 autem
559 2625 757 2696 videamus,
781 2643 859 2681 nam
886 2623 1007 2685 virtus
1028 2620 1138 2682 diviti
1159 2623 1365 2682 exercenda

319 2711 376 2769 rit.
427 2710 525 2786 Nonne
551 2707 709 2767 instituitur
730 2707 874 2786 quaestio,
902 2727 967 2766 num
988 2706 1079 2766 virtue
1101 2705 1183 2766 diviti
1203 2707 1364 2766 exercenda

318 2794 369 2868 sit,
398 2794 449 2852 red
470 2794 540 2850 baec
561 2792 638 2863 scia,
665 2811 730 2850 num
757 2792 917 2850 morborum
948 2790 1067 2850 nutritio
1094 2791 1136 2849 iili
1163 2791 1202 2850 rit
1226 2791 1362 2849 curanda.

318 2879 417 2957 ltaque
443 2876 615 2936 redeundum
644 2884 689 2936 eat
717 2877 754 2936 od
781 2877 920 2936 rationem
942 2876 1080 2935 aditorum
1103 2881 1168 2934 anto
1189 2873 1359 2945 bekkerum,

319 2963 367 3042 qui
389 2961 481 3022 τοῦτο
504 2959 633 3021 referunt
654 2961 691 3022 ad
712 2962 872 3020 morborum
899 2959 1089 3019 nutritionem.
1137 2956 1195 3014 Sed
1222 2955 1357 3016 neminem

320 3047 492 3108 crediturum
519 3066 585 3106 erae
605 3047 707 3106 'censet
727 3046 917 3108 Scbrn'derur
938 3065 999 3104 cunr
1022 3040 1293 3112 Scblciermacbero,
1319 3040 1362 3114 ‹ti-

255 3147 257 3152 '
319 3133 385 3205 viti,
419 3132 467 3210 qui
493 3139 572 3190 certe
603 3131 694 3210 possit
726 3149 813 3188 sanun
840 3129 928 3208 fingi,
962 3127 1086 3186 morbosi
1112 3125 1242 3204 corporis
1268 3143 1364 3183 curam

320 3217 361 3276 ita
379 3235 398 3275 a
417 3224 520 3275 natura
537 3213 690 3274 iniunctam
711 3234 785 3284 csse,
807 3221 848 3285 ut,
870 3213 894 3269 ai
911 3231 972 3269 eam
990 3213 1111 3282 omittat,
1133 3212 1219 3272 vitam
1236 3207 1366 3269 miseram

320 3307 399 3380 agat.
444 3299 528 3363 Quod
548 3305 627 3358 recte
647 3318 710 3359 cum
733 3316 851 3356 censere
871 3295 1003 3366 arbitror,
1025 3304 1058 3353 ut
1072 3296 1194 3354 ridenda
1207 3295 1265 3352 sint
1278 3293 1366 3354 verba

317 3371 372 3443 'unt
405 3375 540 3456 ἀβίωτον
567 3383 613 3464 τῷ
640 3377 684 3460 μὴ
719 3379 883 3456 μελετῶντι
914 3380 1074 3438 secundum
1095 3379 1169 3438 Lab.
1198 3378 1278 3436 Vind.
1301 3375 1363 3433 BD.

321 3469 384 3527 b'ut.
408 3467 469 3525 BM.
500 3467 579 3527 Mon.
603 3468 650 3537 B.,
680 3485 754 3544 qrroe
779 3465 859 3525 nasci
884 3471 1037 3543 potuerunt
1064 3463 1214 3538 abaliquo
1236 3457 1361 3536 explica-

280 3559 281 3566 ’
322 3563 400 3625 tore,
423 3552 486 3633 qui,
507 3552 600 3612 τοῦιο
623 3551 658 3609 ad
680 3543 793 3630 ἀρετὴν
814 3543 917 3608 ἀσκεῖν
937 3548 1075 3620 referens,
1096 3545 1235 3605 rationem
1256 3542 1363 3600 adden·

321 3640 384 3697 dam
405 3657 470 3698 arae
492 3635 647 3716 putaverit,
670 3654 721 3693 cur
741 3634 833 3693 virtus
854 3633 973 3694 colenda
993 3634 1046 3707 rit,
1067 3631 1147 3691 cuiun
1169 3625 1365 3707 amplificatio-

320 3723 364 3782 nis
386 3721 564 3783 occasionem
586 3718 759 3796 praebebant
780 3717 864 3776 etiam
879 3725 1048 3800 antegressa
1069 3705 1106 3780 ab
1127 3707 1366 3792 ἀναγκαζομένῳ

319 3802 489 3884 ἀπέχεσθαι
510 3799 654 3880 ἀβίωτον.
698 3803 740 3862 Ab
763 3803 862 3864 eodem
884 3801 1008 3870 fortasse
1029 3807 1193 3863 correctore
1210 3795 1365 3878 proiectum

320 3905 383 3952 erat
399 3892 483 3951 etiam
502 3889 596 3968 paullo
614 3894 687 3968 post,
710 3891 744 3960 0,
767 3881 858 3960 Eiaa'c
877 3884 921 3968 γ’,
943 3884 1013 3968 ἔφη,
1036 3890 1112 3966 quod
1129 3881 1364 3946 Schneiderucet

320 3975 520 4036 Staiibaumius
541 3980 635 4044 recte,
663 3981 696 4032 ut
717 3973 842 4045 videtur,
870 3973 1026 4031 omiserunt
1046 3969 1202 4030 aecuurlum
1224 3966 1276 4020 boo
1298 3981 1368 4023 aar·

321 4064 383 4120 dem
406 4057 614 4134 nonnullosque
635 4057 708 4115 alios
735 4058 823 4126 libram
844 4075 910 4114 mro.
960 4055 1017 4111 iam
1044 4073 1114 4114 vero
1141 4049 1185 4108 sic
1213 4047 1293 4106 locus
1321 4053 1369 4107 eat

319 4139 550 4206 constituendus:
582 4131 769 4215 μαχώμεθα.
806 4131 877 4196 ἀλλ’
911 4130 995 4214 ἡμᾶς
1028 4128 1146 4203 aornim
1180 4124 1367 4210 διδάξωμεν,
