2996 4966
222 341 260 458 Ι·
318 343 399 423 ra-

317 516 447 576 muclrero
469 509 586 588 βίαιον,
615 509 751 578 inuictos
774 516 902 578 referunt
923 517 959 578 ad
981 511 1139 596 ἁρμονίας.
1195 515 1255 576 Sed
1277 535 1366 597 quae-

319 600 390 658 ritur
411 598 505 669 etiarn,
528 620 591 658 nura
608 608 686 662 recte
706 621 739 662 se
757 603 861 662 lrabeat
875 595 992 672 ταίτας
1008 593 1064 662 δύο
1083 595 1244 678 ἁρμονίας,
1267 623 1364 682 quum,

319 684 344 742 si
365 684 486 762 scriptor
508 691 563 744 tarn
586 693 665 746 certa
688 686 799 746 ratione
820 687 884 746 illas
906 685 1075 757 definiverit,
1096 693 1129 746 ut
1149 686 1246 747 dicere
1263 695 1366 766 potue·

319 769 371 828 rit:
410 770 471 828 lrus
499 769 585 828 duas
615 769 831 846 harmonias,
858 768 1068 846 violentam,
1105 770 1365 847 voluntariam,
1481 803 1482 814 ν

319 873 375 912 non
404 860 481 910 recte
509 853 608 912 subiici
637 855 780 916 videatur:
810 875 1105 936 quaeeunque-
1126 856 1368 934 pulcherrime

319 938 574 1008 imitabuntur,
606 946 743 1017 tamquam
772 940 819 1000 ille
848 939 903 1000 iam
930 942 966 1002 de
992 940 1084 999 minus
1111 939 1198 999 certis
1219 941 1367 1020 loquatur.

319 1023 398 1081 llam
429 1019 623 1082 difficultatem
654 1025 696 1083 sic
727 1025 872 1086 evitarunt
897 1025 996 1084 Astius
1023 1033 1053 1084 et
1074 1023 1365 1100 'Sclrleiermacherus,

220 1104 225 1113 '
318 1115 351 1164 ut
378 1126 428 1185 pro
459 1103 569 1175 ni'rranc
590 1115 729 1185 ponerent
750 1129 854 1188 quae,
885 1110 1027 1170 welche.
1076 1110 1136 1170 Sed
1166 1106 1280 1180 alteras
1306 1132 1363 1172 non

320 1198 364 1248 cst
386 1188 429 1250 οἵ.
479 1189 593 1250 Ficinus
620 1193 741 1252 inseruit
761 1194 905 1272 copulam,
934 1214 1006 1272 quaa
1028 1194 1057 1252 iu
1081 1194 1200 1254 Graecis
1222 1215 1280 1254 nou
1302 1204 1362 1256 ests

320 1283 354 1332 et
375 1275 514 1333 οιοοὶοο
536 1295 777 1356 quaecunque.
820 1280 896 1338 Tum
919 1279 1003 1338 etiam
1025 1279 1139 1338 codices
1161 1279 1360 1338 inscribendo

319 1360 373 1416 lroc
394 1359 457 1417 loco
480 1359 651 1438 discrepant.
700 1363 780 1422 lion.
802 1363 836 1422 Β.
858 1363 932 1422 enim
954 1384 1011 1422 non
1034 1369 1100 1440 post
1121 1355 1177 1424 δύο
1198 1363 1281 1422 labet
1301 1354 1357 1440 ἁρ-

318 1440 441 1515 μονίας,
472 1445 522 1502 sed
545 1452 609 1522 post
631 1441 794 1523 didonium
820 1448 887 1506 item
910 1447 985 1506 utor.
1007 1447 1193 1518 ACRTUV.,
1221 1447 1356 1524 siquidem

274 1565 276 1573 ι
319 1526 389 1586 fides
419 1527 547 1586 lrabouda
575 1536 619 1587 est
640 1531 841 1602 Stalllroumio,
872 1532 920 1610 qui
946 1532 1021 1592 idem
1041 1533 1213 1611 praedicavit
1233 1533 1271 1590 de
1289 1532 1360 1590 l'ar.

319 1611 409 1669 ΑΗΚ.
432 1612 503 1668 Ven.
526 1613 558 1669 G.
581 1613 661 1672 Arrrb.
685 1615 717 1673 G.
740 1615 816 1695 Ang.
839 1615 873 1674 Β.
898 1617 960 1676 vm.
985 1618 1031 1691 H,
1052 1617 1120 1676 licet
1140 1617 1168 1674 ni
1191 1623 1309 1694 septem,
1331 1621 1364 1674 ut

319 1693 509 1764 Virunum,
531 1695 680 1774 utrobique
701 1701 855 1760 ostendant
869 1693 1029 1779 ἁρμονίας.
1061 1703 1188 1760 Alterum
1209 1696 1364 1778 ἁρμονίας

319 1777 469 1840 manifesto
491 1798 542 1855 pro
564 1781 739 1858 glossemate
760 1785 918 1846 lrabeudum
938 1792 992 1856 est,
1014 1785 1049 1844 nd
1071 1783 1268 1864 explicandum
1284 1775 1364 1842 ταὰ-

318 1880 387 1934 τας,
409 1862 484 1938 quod
505 1872 550 1920 cst
571 1872 638 1922 ante
659 1862 737 1941 λίοε,
759 1868 787 1926 in
809 1869 939 1950 margine
960 1869 1053 1950 posito
1075 1876 1105 1930 et
1125 1874 1193 1948 post
1212 1865 1363 1928 inordina

317 1945 353 2006 ab
370 1945 492 2007 librariis
513 1946 552 2006 ili
573 1949 721 2022 collocato,
743 1953 791 2011 ubi
813 1954 937 2032 ineptum
954 1962 1009 2024 est,
1030 1974 1111 2031 quum
1127 1946 1287 2032 φθόγγους
1301 1971 1361 2010 non

318 2029 360 2090 sie
381 2030 456 2090 nude
477 2030 533 2090 diei
560 2033 663 2110 possit,
692 2037 743 2094 sed
770 2057 831 2098 eum
859 2031 1109 2110 δυστυχούντων,
1135 2030 1356 2106 εὐτυχούντων,

317 2107 500 2188 σωφρόνων,
521 2109 669 2194 ἀνδρείων
686 2119 811 2179 construi
829 2119 944 2190 debeat3
966 2125 998 2176 ut
1013 2137 1082 2176 sane
1101 2117 1199 2174 mirum
1215 2113 1377 2188 uideatur,

254 2249 258 2264 „
309 2197 530 2261 ¹Stallbaumium
551 2201 676 2262 codicum
699 2203 876 2272 auctoritate,
899 2221 980 2280 quum
1002 2221 1099 2260 errore
1121 2199 1175 2258 sihi
1196 2197 1290 2270 linxit,
1311 2197 1370 2261 ina

317 2281 381 2340 duci
403 2283 544 2360 potuisse,
574 2293 606 2344 ut
628 2287 704 2366 prius
732 2281 882 2366 ἁρμονίας
910 2287 1031 2358 deleret,
1059 2285 1178 2344 alterurn
1205 2281 1358 2358 reciperet.

317 2365 431 2426 Fieinus
454 2375 483 2426 et
505 2369 565 2447 ipse
587 2373 640 2430 lroc
661 2373 807 2452 glossema
834 2371 991 2450 expressit,
1016 2371 1069 2428 sed
1097 2368 1247 2446 corrigens
1273 2365 1359 2424 libra·

248 2457 252 2469 '
317 2450 423 2518 riorum
440 2454 649 2532 stupiditatem:
672 2457 735 2514 lias
757 2477 875 2516 omues
896 2457 1038 2532 suscipe
1057 2444 1268 2512 harmonias.
1304 2449 1360 2545 Via

317 2543 408 2594 autem
439 2537 495 2596 ista
526 2538 691 2614 explicatio
707 2540 835 2614 cuiquam
864 2539 1026 2596 necessaria
1054 2537 1143 2596 videri
1173 2539 1304 2612 peterat,
1332 2552 1362 2595 st

265 2627 272 2639 “
317 2621 410 2696 paullo
436 2629 503 2680 ante
529 2621 663 2700 scriptum
689 2619 792 2679 fuisset
816 2615 933 2688 ταύτας
954 2613 1009 2678 δύο
1032 2611 1200 2695 ἁρμονίας,
1227 2616 1359 2696 quoniam

317 2705 359 2764 sic
387 2725 438 2783 per·
464 2725 497 2764 se
516 2705 588 2763 satis
609 2723 749 2781 superque
771 2701 948 2762 manifestum
969 2709 1047 2775 erat,
1075 2703 1111 2761 ad
1133 2697 1252 2769 ταύτας
1272 2701 1359 2779 perti·

317 2808 385 2850 nera
404 2782 565 2864 ἁρμονίας.
609 2787 848 2868 Videtur-igitur,
869 2807 952 2866 quarn
972 2787 1140 2866 pracsertim
1162 2805 1235 2846 unus
1254 2785 1356 2856 codex,

317 2873 365 2949 qni
386 2871 457 2932 alias
478 2891 534 2930 uon
557 2873 631 2931 solet
652 2873 783 2932 omittere
804 2872 905 2943 verba,
928 2873 1042 2950 saepius
1064 2872 1155 2940 addit,
1182 2865 1354 2966 et‘sortosse

317 2955 494 3017 Stallbuumii
520 2977 618 3018 ornnes
644 2957 673 3016 id
702 2979 759 3016 non
786 2958 926 3028 habeant,
963 2957 1040 3034 prius
1068 2971 1177 3032 qunque
1204 2965 1353 3048 uotfffltmd

318 3061 353 3100 ex
376 3041 551 3122 glossemate
573 3049 666 3102 ortum
688 3062 762 3108 esse.
800 3042 877 3108 Quo
906 3041 999 3100 deleto
1022 3061 1072 3118 pro
1094 3031 1285 3102 rrrdrncdco
1308 3052 1353 3090 se-

176 3104 202 3176 ,¹
317 3127 437 3186 cundum
460 3126 591 3186 Vindll.
614 3127 790 3186 scribendum
812 3127 935 3185 arbitror
955 3118 1053 3183 ταὰτα
1070 3117 1137 3180 tto.
1167 3120 1228 3179 llac
1245 3116 1358 3176 ratione

317 3210 371 3268 iam
400 3210 493 3268 omnia
520 3211 652 3272 videntur
678 3219 756 3271 recte
788 3209 951 3287 procedere.
1006 3205 1137 3282 Exempli
1171 3201 1268 3284 gratia
1300 3203 1359 3301 duo

317 3294 523 3352 harmoniarum
545 3314 664 3373 genera,
686 3315 759 3374 quae
780 3291 964 3368 relinquenda
984 3287 1050 3360 sint,
1072 3288 1234 3348 accuratius
1252 3287 1359 3347 docn-

318 3377 375 3456 psit
395 3378 545 3450 Socrates,
568 3386 597 3436 et
614 3379 749 3440 universe
770 3375 887 3455 repetit:
916 3391 1149 3454 quaeeunque
1169 3374 1254 3432 lraec
1275 3371 1359 3439 duo,

317 3461 528 3535 violentum,
557 3463 813 3533 voluntarium,
841 3459 1162 3530 infortunatorum,
1189 3455 1354 3548 fortuna·

319 3557 446 3618 turum,
483 3549 771 3626 temperantium,
806 3544 951 3606 sortium
984 3561 1093 3604 voces
1124 3538 1355 3639 pulcherrume

319 3631 567 3702 imitabuntur,
595 3635 657 3691 llas
678 3631 851 3707 relinque.
900 3629 945 3688 lta
964 3625 1081 3704 βίαιον,
1110 3618 1264 3694 ἑκουσίον,
1291 3637 1356 3700 per·

316 3715 410 3776 tineus
437 3717 474 3778 ad
503 3718 601 3779 ταῦτα
629 3708 702 3787 δίο,
733 3713 848 3794 propria
869 3713 981 3774 ratione
1003 3717 1170 3792 usurpatur,
1197 3727 1247 3786 per
1269 3723 1380 3782 νοον-ἱ

317 3802 417 3881 agosin
446 3803 483 3862 ad
514 3801 581 3861 illud
612 3801 722 3860 accedit
755 3794 1004 3876 ἁνοτογοὰντων,
1037 3786 1263 3872 εὐτυχούντων,
1296 3807 1358 3848 οω-

317 3877 452 3961 φρόνων,
474 3879 622 3965 ἀνδρείων,
645 3881 815 3967 φθόγγους.
858 3887 901 3945 Ad
924 3882 1036 3952 cisterc
1056 3890 1151 3940 autem
1173 3878 1251 3938 nullo
1267 3893 1357 3952 nego·

143 3951 146 3956 ¹
218 3979 225 3988 ”
316 3968 357 4026 tia
378 3969 548 4051 intelligitur
568 3964 714 4048 ἁρμονίαι
736 3993 773 4040 ex
794 3964 1035 4031 antecedentibus.
1051 3973 1064 3996 ·’
1087 3965 1144 4030 (lui
1165 3957 1272 4020 librarii
1295 3977 1364 4035 per--

317 4053 422 4114 moveri
448 4055 592 4133 potuerint
619 4058 656 4116 ad
683 4057 843 4123 mutandam
873 4053 973 4110 ταῦτα
1000 4043 1056 4109 tdo
1084 4049 1119 4106 iu.
1144 4036 1263 4110 ταύτας
1288 4035 1358 4114 δ’ὗῠ)

315 4138 361 4198 cui
381 4133 492 4213 deiude,
504 4140 626 4198 additum
650 4147 694 4200 est
715 4131 878 4217 ἁρμονίας,
898 4132 982 4192 facile
998 4130 1176 4211 intelligitur.
1219 4125 1361 4188 Videbunt
