2996 4966
305 325 332 400 d
390 401 393 408 ,

305 504 382 570 sunt,
403 515 438 558 se
453 497 478 556 si
491 495 652 576 pertineant
667 496 704 556 sd
721 496 824 558 seriem
845 501 1086 578 argrrueatorum,
1108 495 1209 574 quibus
1231 495 1353 558 alicuius

305 581 347 642 rei
368 580 506 661 perfectio
527 587 704 661 exponatur3
725 581 755 640 id
777 581 852 660 quod
873 582 1006 642 hocloco
1024 581 1138 640 omnino
1155 581 1279 642 alienam
1296 590 1352 652 est.
1378 637 1380 644 .

304 667 403 746 Neque
430 666 460 726 iu
487 664 720 743 antecedentibus
747 666 783 726 ds
809 685 844 724 eo
871 686 964 726 sermo
987 673 1044 738 est,
1072 665 1139 742 quid
1160 686 1232 745 opus
1253 668 1293 726 sit
1314 667 1353 726 ad

305 749 459 832 perfeetum
487 751 659 811 reddendum
687 750 822 810 medicum
852 759 901 810 aut
929 751 1165 831 gubernatorem,
1192 758 1223 810 et
1249 751 1278 810 in
1305 769 1353 812 se·

305 835 456 916 questibus
476 843 563 910 artes,
586 855 637 916 per
658 854 691 894 se
712 841 869 915 spectatae,
891 835 963 894 adeo
985 835 1133 894 absolutae
1155 835 1297 907 dicuntur,
1319 845 1354 896 ut

305 939 397 999 neque
417 921 532 980 aliunde
558 939 650 999 neque
677 940 695 979 a
722 925 812 1002 semet
838 919 908 997 ipsis
933 918 1083 998 quidquam
1111 920 1250 979 commodi
1277 921 1353 982 acci-

305 1025 373 1086 pere
400 1005 510 1084 possint
536 1005 572 1064 ad
599 1023 664 1063 sese
695 1003 892 1084 perficiendas.
947 1004 1080 1062 Conditia
1113 1011 1221 1063 tontum
1256 1014 1353 1066 rectae
1464 999 1467 1046 l

305 1089 425 1150 rationis
454 1090 555 1150 artium
583 1089 698 1168 ponitur
725 1089 811 1158 baec,
838 1093 871 1145 ut
897 1105 1026 1166 quaeque
1054 1096 1188 1148 accurata
1215 1095 1276 1150 totu
1303 1091 1351 1163 sit,

305 1181 454 1254 quaeest.
498 1173 583 1239 Quod
605 1173 695 1254 igitur
716 1173 745 1230 iu
767 1179 860 1243 antea,
885 1190 935 1250 per
956 1191 989 1230 sa
1010 1180 1168 1250 spectatas,
1191 1175 1351 1234 redundare
1467 1157 1468 1208 l

305 1259 361 1318 diei
382 1265 477 1338 potest
498 1250 680 1330 commodum,
702 1257 730 1316 id
752 1262 797 1316 est
818 1255 896 1327 illud,
919 1256 993 1333 quod
1017 1257 1155 1329 nascitur,
1175 1257 1200 1316 si
1216 1259 1264 1317 isti
1282 1279 1350 1317 cua·

305 1341 406 1401 ditioni
427 1339 545 1414 satisfit,
573 1341 601 1400 id
623 1348 682 1416 cst,
704 1341 730 1400 si
751 1359 880 1420 quaeque
902 1360 997 1400 carum
1021 1361 1103 1420 quam
1126 1342 1246 1402 maxime
1266 1343 1346 1402 ubso-

305 1426 365 1486 lutu
385 1425 451 1488 sive
481 1426 597 1506 integra
624 1429 679 1484 est.
727 1425 810 1484 Unde
838 1433 971 1503 apparet,
1005 1421 1052 1486 ὅτι
1080 1419 1217 1502 μάλιστα
1244 1421 1345 1486 caifas

305 1502 383 1570 claua
409 1511 483 1570 idem
510 1508 690 1590 significare,
723 1509 798 1587 quod
825 1501 938 1588 ἀκριβῆ
966 1503 1041 1587 ὅλην
1067 1502 1144 1569 alvos
1170 1506 1245 1590 ἣιιιρ
1272 1506 1348 1584 lael,

305 1593 533 1669 verissimamque
560 1613 625 1652 esse
650 1593 785 1652 librorum
812 1597 923 1651 tantum
945 1614 1001 1652 non
1024 1595 1144 1654 omnium
1165 1597 1348 1675 scripturam:

306 1673 462 1754 ξυμφέρριι
484 1671 577 1748 ἄλλο,
604 1669 622 1752 ἢ
651 1671 699 1736 ὅτι
719 1665 857 1750 adtrita
879 1673 986 1738 celim
1008 1671 1096 1740 elsae.
1142 1679 1200 1736 Nec
1226 1697 1345 1754 sequen·

306 1760 382 1818 tibus
403 1757 473 1819 illud
500 1779 558 1818 non
585 1767 631 1818 est
657 1760 906 1821 accommodatum.
956 1763 1048 1829 Quum
1074 1764 1145 1822 enirn
1172 1762 1347 1838 Thrasyma-

306 1844 375 1903 chus
403 1863 459 1904 noa
486 1844 694 1924 perspexisset,
733 1846 874 1922 quomodo
908 1848 963 1906 arti
990 1848 1057 1906 nibil
1084 1845 1160 1906 aliud
1188 1845 1351 1904 conducere
1470 1869 1472 1914 ι

306 1928 425 2002 dicatur,
447 1947 530 2006 quam
550 1929 604 1987 boe
624 1947 719 1999 uuum,
740 1936 774 1987 ut
794 1947 877 2008 quam
897 1931 1083 2012 integerrimo
1098 1931 1144 2002 sit,
1166 1930 1185 1990 i.
1208 1949 1245 2002 e.,
1267 1949 1350 1989 accu-
1471 1985 1472 2012 ,

306 2019 370 2072 rata
391 2020 466 2086 tota,
489 2019 642 2091 quaeest,
665 2014 801 2072 Socrates
822 2015 858 2074 ad
880 2035 939 2072 rem
961 2016 1153 2076 illustrandam
1176 2014 1348 2070 eontrarium
1472 2084 1473 2088 Ἰ

307 2095 416 2176 profert
437 2097 592 2176 exemplum
615 2091 650 2156 dc
671 2115 806 2177 corpore,
831 2097 892 2166 cai,
921 2097 995 2173 quod
1018 2101 1119 2152 natura
1140 2111 1193 2151 sua
1215 2093 1253 2150 sit
1271 2101 1347 2148 mor-

307 2181 405 2240 bosam
426 2199 518 2260 neque
539 2181 565 2240 ei
587 2182 658 2240 satis
679 2182 718 2240 sit
738 2201 841 2259 eorpus
862 2199 941 2250 esse,
963 2179 982 2238 i.
1004 2199 1046 2249 a,
1068 2183 1229 2237 accuratam
1247 2183 1348 2245 totum,

307 2266 381 2345 quod
397 2272 450 2338 est,
473 2285 576 2346 corpus
593 2267 760 2339 morbosum,
782 2265 867 2323 etiam
882 2263 959 2323 aliud
973 2263 1049 2343 quid,
1071 2263 1149 2324 velut
1166 2279 1214 2320 ars
1230 2261 1350 2331 medica,
1473 2299 1474 2316 ι

307 2351 465 2410 conducere
491 2351 596 2430 possit3
627 2351 755 2430 idemque
782 2349 868 2410 latius
895 2349 1029 2430 deinceps
1057 2347 1229 2426 explanatur
1255 2365 1352 2406 exem·
1473 2407 1474 2426 ,

307 2435 361 2577 plip¹
389 2437 533 2495 oculorum
566 2444 601 2496 et
624 2437 749 2509 aurinia,
786 2445 905 2515 quorum
937 2435 980 2495 illi
1007 2434 1070 2496 visu
1097 2432 1260 2514 indigeant,
1298 2429 1353 2488 bae

306 2539 343 2579 au
363 2519 413 2578 itu.

188 2627 192 2633 ·
270 2662 275 2667 .
391 2603 441 2665 Sic
461 2605 552 2664 locum
575 2606 776 2686 explicavimus
803 2623 840 2662 ex
867 2607 961 2658 mente
982 2596 1120 2654 Platonis.
1168 2596 1351 2654 Animadver-

307 2688 420 2748 tendum
442 2696 487 2748 est
507 2697 610 2762 autern,
632 2711 651 2751 a
671 2691 811 2768 scriptore
833 2703 899 2752 uon,
920 2680 1001 2738 utin
1024 2678 1085 2753 ipsa
1103 2677 1352 2754 argumentatione

307 2773 462 2851 imperans,
496 2776 636 2848 medicus,
667 2775 856 2855 gubernator,
890 2781 938 2820 ars
963 2758 1178 2838 significantur,
1210 2768 1351 2838 quatenus

307 2865 375 2916 aunt
400 2857 555 2938 imperans,
585 2861 723 2924 medicus,
750 2850 941 2928 guberuator,
968 2861 1031 2912 ars,
1063 2841 1180 2922 perinde
1208 2844 1292 2902 etiam
1320 2845 1348 2902 in

308 2943 444 3023 exemplis
464 2941 669 3012 illustrantibus
690 2949 806 3009 eorpus,
836 2929 950 3000 oculas,
976 2945 1062 2986 aures
1088 2947 1139 3008 per
1167 2947 1199 2986 se
1220 2934 1350 3006 spectata

308 3036 443 3108 usurpata
465 3049 539 3090 esse.
588 3027 657 3084 Nam
684 3033 788 3095 corpus
817 3033 869 3094 per
895 3033 928 3074 se
948 3019 1106 3092 spectatura
1127 3011 1188 3072 sive
1210 3019 1350 3089 quatenus
1474 3089 1475 3102 χ

309 3119 354 3172 est
374 3133 476 3195 corpus
498 3131 553 3171 ιιιιιι
575 3107 675 3171 miuus,
697 3119 779 3178 quam
802 3119 860 3171 ars,
882 3097 1039 3178 perfectam
1061 3104 1091 3195 et
1112 3096 1273 3154 absolutum
1294 3101 1352 3194 est,

309 3217 400 3277 neque
420 3200 478 3258 alla
498 3187 586 3252 iuvari
614 3192 709 3264 potest
730 3183 876 3243 medicina.
928 3183 989 3241 Nec
1010 3181 1085 3240 oculu
1106 3199 1158 3259 per
1179 3187 1354 3258 suspectati

309 3283 440 3364 indigent
459 3278 535 3342 ιὶιιι,
563 3289 618 3328 nec
645 3286 731 3330 aures
752 3268 866 3340 auditu3
892 3266 947 3325 uisi
969 3265 995 3324 si
1017 3265 1088 3324 baec
1110 3265 1146 3324 od
1168 3265 1279 3324 illorum
1302 3283 1353 3322 uo·
1474 3301 1475 3330 ι

309 3367 415 3426 tionem
436 3365 475 3418 ita
495 3353 639 3433 pertinere
664 3362 790 3426 statuas,
818 3359 852 3412 ut
876 3351 983 3429 absque
1004 3349 1081 3408 bisce
1103 3349 1226 3430 cogitari
1247 3364 1351 3421 neque·
1474 3365 1475 3374 ι

309 3459 369 3512 nnt.
406 3438 521 3502 Etiamsi
543 3437 633 3520 igitur
654 3440 742 3502 verba
763 3440 820 3511 illu,
843 3455 922 3516 quae,
936 3433 1089 3494 manifesto
1110 3454 1147 3494 ex
1169 3429 1351 3508 sequentibus

310 3533 437 3595 coniecta
457 3531 524 3582 sunt
545 3531 575 3584 et
597 3523 854 3607 argumentationis
869 3520 995 3580 ordinem
1013 3520 1136 3588 turbant,
1158 3531 1273 3575 servare
1291 3513 1350 3572 vel·

309 3619 360 3686 les,
381 3629 418 3669 ne
438 3609 481 3670 sie
502 3610 613 3690 quidem
635 3630 691 3680 res,
714 3613 829 3687 propter
850 3623 932 3684 quam
949 3603 1137 3663 Schneiderus
1155 3599 1352 3677 plerorumque

310 3695 430 3757 omnium
450 3695 584 3756 librorum
602 3695 769 3772 scripturam
785 3709 842 3748 non
859 3709 954 3752 veram
971 3688 1047 3760 dicit,
1070 3690 1235 3755 mutaretur,
1258 3699 1352 3760 quum,

310 3781 333 3840 si
355 3781 425 3840 artis
445 3779 584 3860 perfectio
606 3799 644 3840 ex
666 3778 729 3856 ipsa
749 3781 812 3834 arte
833 3775 951 3855 pendet,
980 3769 1107 3852 corporis
1134 3765 1273 3848 perfectio
1295 3783 1352 3824 uon

310 3865 400 3922 minus
420 3866 543 3943 pendeat
563 3885 601 3926 ex
622 3865 685 3944 ipso
705 3879 836 3940 corpore.
880 3860 1029 3919 Caeterum
1047 3855 1163 3915 lieentia
1184 3853 1353 3948 luteaque·

311 3949 394 4007 l'lato
421 3949 475 4008 sibi
502 3949 625 4026 sumpsit
646 3948 676 4005 in
704 3944 919 4026 confundendis,
937 3941 1115 4010 notionibus,
1150 3937 1283 4015 primaria
1308 3933 1354 3992 bre

310 4032 421 4092 ridetur
443 4031 590 4092 exstitisse
611 4049 699 4090 causo
721 4031 811 4090 orasis
833 4023 1025 4087 dubitationis.

748 4176 903 4190 ..ιιι-..ν-
