2996 4966
234 377 259 435 a
1140 256 1259 378 ιιιΙχ

156 489 216 547 sitit
238 489 279 548 rel
302 482 415 567 esurit)
438 483 530 544 nihil
552 482 624 540 tale
646 477 798 549 accidit,
819 477 849 536 id
872 483 931 550 est,
952 477 978 539 si
997 478 1197 558 quis-vetante

157 573 265 632 ratione
290 593 323 632 se
350 593 369 632 a
390 565 593 648 cupiditatibus
618 563 710 642 abripi
736 581 838 642 passus
864 568 923 638 est,
955 562 998 624 ira
1018 564 1148 625 concitur
1169 564 1197 622 io

155 657 340 736 cupiditates,
373 654 419 713 sis
446 649 621 712 concedente
648 649 759 708 ratione
787 647 843 708 illis
870 646 1061 725 obtemperat,
1096 646 1198 728 (veluti

151 761 236 820 quum
258 741 324 818 quis
345 737 422 797 sitim
442 741 492 796 aut
512 733 613 795 famem
636 729 764 812 depellit)
787 751 844 790 non
862 731 977 792 exsistit
992 730 1044 790 ira.
1077 733 1198 796 Batitas
1228 732 1233 741 “

151 829 223 892 ταῖς
244 816 426 898 dordoniam
446 819 551 898 pendet
571 823 601 878 et
617 837 656 877 ex
676 808 908 894 κοινωνήσαντα
929 824 959 876 et
975 835 1013 875 ex
1030 809 1197 895 ἀντιπράτ-

61 957 65 964 .
154 927 235 979 ται,
262 903 492 984 quemadmodum
519 910 575 963 tam
597 901 701 964 Gracci
728 919 809 980 quam
830 899 929 960 Latini
955 899 1061 960 usitato
1081 900 1199 977 loquun-

156 997 214 1063 tur,
236 989 426 1048 ommittcutes
446 985 508 1047 fere
527 1006 692 1066 pronomen,
715 986 791 1064 quod
808 983 943 1046 Germani
963 985 1070 1044 addere
1090 984 1198 1044 solent:

157 1075 222 1134 den
260 1073 464 1154 Bagierdcn
502 1071 597 1132 niebt
629 1091 671 1130 zu
708 1070 990 1141 widerstreben‚
1035 1068 1200 1130 Gemein·
1242 1119 1246 1125 .

156 1156 271 1218 sebast
307 1157 357 1218 mit
390 1156 682 1221 ibnenmachcnd.
709 1191 711 1196 ·
736 1155 771 1214 V.
805 1176 832 1233 p.
854 1161 928 1216 470.
953 1156 994 1218 G:
1047 1147 1202 1231 Ἓλληνας

153 1239 210 1318 μέν
230 1236 294 1320 ἄρα
314 1235 488 1322 βαρβάροις
510 1239 561 1300 καὶ
581 1232 766 1320 βαρβάρους
785 1232 912 1319 Ἕλλησι
938 1240 1079 1315 πολεμεῖν
1098 1257 1201 1314 μαχο-
1268 1242 1277 1257 “

151 1319 263 1402 adauae
284 1345 317 1384 τε
338 1319 479 1404 φήσομεν
501 1322 738 1401 καὶ·ιιολεμὶοιις
760 1315 849 1402 φύσει
870 1315 964 1400 εἶναι,
991 1319 1043 1383 καὶ
1065 1315 1199 1399 πόλεμον
1278 1325 1285 1338 “

152 1405 210 1485 τὴν
232 1404 350 1486 ἔχθραν
372 1403 490 1484 ταύτην
512 1403 649 1483 κλητέον.
701 1401 861 1466 Graecos
887 1407 1004 1487 igitur
1024 1425 1099 1466 cum
1119 1407 1200 1466 bar·

100 1560 109 1573 .
154 1491 253 1570 baris
280 1491 530 1568 barbarosque
562 1509 636 1560 curn
666 1489 818 1548 Graecis
844 1495 894 1561 et,
928 1490 959 1548 si
985 1489 1201 1556 ottericum

152 1566 287 1637 'alteris
308 1581 480 1654 pugnent,
504 1573 639 1634 bellare
662 1573 818 1634 dicemus
839 1579 874 1633 et
894 1573 1017 1634 bostes
1038 1593 1119 1634 esse
1140 1593 1200 1634 aa·

156 1666 252 1730 tura,
280 1665 316 1718 et
342 1659 469 1718 bellum
496 1658 684 1718 dissidium
707 1660 817 1720 hocce
837 1657 1100 1739 appellandum.
1142 1657 1199 1718 Alii

154 1743 212 1802 loci
233 1742 308 1804 vidd
330 1763 376 1822 ap.
398 1743 582 1803 Mattlriaeum
604 1745 727 1804 Gramen.
749 1765 777 1822 p.
794 1752 888 1806 1306.

241 1861 373 1940 σεαυτῷ.
402 1859 451 1918 Sic
469 1861 533 1918 edd.
555 1879 652 1918 omncs
674 1866 704 1918 et
725 1861 806 1918 codd.
827 1861 895 1917 Par.
911 1860 946 1917 A.
967 1859 1053 1917 Viod.
1068 1862 1104 1918 Ε.
1125 1861 1198 1920 Ven.

154 1943 189 2001 Β.
217 1943 294 2002 Flor.
316 1945 351 2002 U.
379 1945 485 2002 οαοτῶ
510 1945 590 2002 Μοο.
613 1943 648 2003 Β.
677 1936 777 2013 αὐτῶ,
810 1941 973 2021 praeposito
1000 1941 1075 2000 inter
1099 1961 1199 2002 versus

152 2045 240 2105 super
265 2045 356 2088 vacuo
383 2027 476 2105 spatio
499 2045 549 2102 σε,
578 2027 642 2086 Vat.
665 2027 699 2085 Β.
722 2027 834 2104 Reliqui
860 2019 979 2108 ἑαυτῷ,
1007 2027 1082 2105 quod
1103 2046 1201 2088 verum

151 2111 273 2183 videtur,
295 2131 313 2170 e
334 2117 499 2172 correctore
521 2109 678 2190 profectum
696 2111 829 2192 σεαυτῷ,
852 2111 936 2190 quod,
959 2111 984 2170 si
999 2131 1096 2172 verum
1112 2120 1199 2183 esset,

150 2203 230 2255 certe
247 2196 377 2254 consulto
395 2196 533 2255 neminem
552 2202 723 2256 mutaturum
742 2194 832 2255 foisse
849 2194 995 2276 probabile
1012 2195 1066 2256 es't.
1097 2196 1199 2254 Paullo
1217 2223 1224 2228 ·

99 2283 110 2290 “
151 2287 227 2356 post,
249 2276 283 2350 C,
305 2282 494 2338 non'tantum
516 2281 652 2356 optimos,
674 2281 724 2336 sed
747 2280 832 2337 ctiam
853 2281 1003 2356 plerosque
1020 2279 1133 2338 codices
1151 2299 1199 2339 oc·

153 2361 269 2438 eupavit
294 2359 378 2440 ζητεῖ
398 2382 451 2440 pro
474 2381 542 2424 vcro
565 2359 621 2436 ζιῖ,
649 2363 725 2442 quod
747 2361 873 2422 fortasse
889 2364 1021 2440 ¹insolens
1043 2363 1132 2424 visum
1155 2371 1200 2424 est

153 2443 285 2504 librariis.

598 2597 749 2612 Ἤ

472 2761 561 2826 Llll.
585 2761 645 2828 lv.
675 2784 707 2846 p.
728 2761 802 2828 llo.
836 2763 874 2830 Ο.

150 2914 193 2972 sic
227 2913 485 3012 interpungendum
518 2911 657 2972 arbitrare
731 2911 774 2972 Τι’
803 2909 852 2991 δίς
878 2904 914 2991 ἦν
944 2913 975 2974 d'
1007 2912 1078 2994 ἐγώ·
1121 2914 1198 2980 ὅταν
1282 2964 1285 2970 ,

151 3013 198 3063 τις
225 2990 328 3070 οἴηται
356 2993 487 3066 adrasto,
522 2991 579 3072 οὐχ
606 2991 671 3076 ὅσῳ
698 2991 736 3056 dr
761 2990 969 3077 γενναιότερος
990 2987 1027 3078 ᾗ,
1059 2996 1199 3084 τοσούτῳ
1295 3025 1297 3034 ’

152 3063 247 3155 ἦττον
275 3070 407 3136 δύναται
434 3073 611 3156 ὀργίζεσθαι
637 3077 689 3140 καὶ
716 3081 825 3142 aracaio
851 3078 903 3142 καὶ
925 3077 1017 3162 ῥιγῶν
1043 3081 1096 3144 καὶ
1122 3079 1198 3146 ἄλλο

44 3191 47 3196 ’
151 3155 254 3220 ὁτιοῦν
276 3155 507 3224 τῶντοιούτων
528 3158 733 3241 πάσχοιιῦιι’
757 3161 884 3240 ἐκείνου,
906 3161 942 3227 ὃν
964 3161 1004 3227 ἂν
1026 3163 1128 3246 οἴηται
1150 3167 1197 3228 δι-

150 3241 247 3315 naimo
273 3247 374 3306 ταῦτα
403 3245 499 3331 ὃρᾷις
524 3247 591 3320 καὶ,
619 3244 636 3310 ὃ
659 3251 752 3326 leym,
782 3244 837 3310 ccix
862 3247 961 3312 ἐθέλει
988 3249 1066 3334 πρὸς
1087 3254 1197 3316 τοῦτον

148 3324 247 3390 αὐτοῦ
269 3325 440 3414 ἐγείρεσθαι
461 3325 477 3392 d
502 3327 628 3412 θυμός.
650 3329 786 3412 Ἀληθῆ,
807 3330 878 3415 ἔφη.

234 3463 328 3545 l'ulgo
355 3459 453 3548 δρᾷι,Ι
472 3496 512 3508 -
535 3459 656 3542 θυμός,·
688 3469 746 3526 Sed
780 3469 868 3529 verba
901 3463 956 3528 οὐκ
987 3465 1087 3530 ἐθέλει
1105 3451 1196 3545 Ιπρὸς

148 3548 258 3606 τοῦτον
293 3544 390 3608 αὐτοῦ
424 3544 597 3628 ἐγείρεσθαι
631 3545 647 3610 ὃ
682 3547 788 3628 θυμός
824 3560 962 3632 tamquam
1003 3555 1195 3636 interrogatio

151 3629 332 3706 pronuntiata
353 3633 447 3710 potius
475 3632 619 3712 affirmant
646 3635 690 3708 id,
719 3638 793 3714 quod
822 3657 932 3718 negare
960 3637 1074 3698 debent.
1123 3641 1196 3698 Pro·

150 3711 245 3790 posita
267 3711 492 3792 interrogatione
514 3712 592 3776 ὅταν
614 3752 656 3764 -
677 3717 772 3806 cippis,-
793 3723 872 3780 cuius
894 3721 1038 3781 sententia
1056 3743 1113 3782 non
1130 3745 1196 3802 pos·

149 3795 188 3852 sit
217 3815 272 3852 non
301 3797 429 3874 probari,
458 3800 609 3871 Socrates,
640 3823 696 3860 non
725 3813 896 3884 exspectans
925 3807 1080 3866 Glauconis
1101 3804 1195 3870 Πάου

147 3899 180 3958 γε
202 3879 254 3952 vel
270 3878 362 3939 simile
382 3881 458 3959 quid,
480 3883 516 3941 od
539 3884 695 3943 orationem
714 3887 909 3948 affirmativum
927 3891 1039 3966 transit,
1062 3913 1195 3956 summam

149 3963 222 4036 eius,
245 3965 320 4042 quod
344 3964 548 4048 interrogendo
570 3967 714 4048 copiosius
736 3973 868 4052 exposuit
875 4006 884 4046 ς
906 3973 1031 4038 breviter
1052 3985 1195 4060 repetens.

232 4081 339 4143 Eadem
360 4083 473 4146 ratione
494 4085 664 4166 explicanda
685 4089 817 4186 videnlur
837 4093 986 4174 sequentis
1039 4153 1041 4160 ,
