2996 4966
260 304 362 442 Ι58

308 539 410 610 κακῶς
436 533 468 597 δν
494 530 595 618 incepi
622 530 867 614 πολιτευόμενος,
894 529 930 596 δν
951 533 1006 595 univ
1026 529 1065 612 δὴ
1089 528 1127 592 ct
1150 527 1353 596 ἀθλιώτατον

307 619 442 703 ἔκρινας,
476 617 531 682 τδν
562 615 774 721 τρραννικδνχ
791 613 833 692 ὡς
865 615 908 698 μὴ
937 611 1061 694 λδιιάτης
1088 618 1245 698 καταβιῷ,
1279 608 1354 680 ἀλλ’

308 702 495 787 ἀναγκασθῇ
527 697 590 764 rino
624 723 706 774 τινος
737 724 831 782 τοχης
857 703 1060 783 τυραννεῦσαι
1087 700 1140 762 καὶ
1167 696 1280 782 iuononi
1310 699 1353 766 ὧν

192 794 198 805 “
309 785 454 870 ἀκράτωρ
481 785 584 850 ἀλλων
612 781 786 869 ἐπιχειρήσῃ
812 783 930 866 άρχειν·
963 781 1064 865 ὥσπερ
1088 783 1180 856 εἴτις
1202 779 1351 862 κάμνοντι

308 870 430 952 σώματι
456 872 508 933 καὶ
534 867 681 952 ἀκράτορι
703 867 815 933 ἑαυτοῦ
836 869 880 956 μὴ
903 865 1083 944 δδιιοτεάιον,
1112 865 1182 929 ἀλλ’
1207 865 1347 948 ἀγωνιζό-

308 977 400 1038 μενος
419 953 497 1038 πρὸς
517 952 597 1018 ἀλλα
619 951 750 1032 σώματα
776 954 828 1016 καὶ
854 949 1027 1034 μαχόμενος
1054 948 1255 1034 ἀναγκάζοιτο
1283 951 1352 1016 δι’ά-

308 1064 369 1123 γειν
395 1040 449 1104 τδν
473 1037 555 1117 βίον.
603 1039 657 1100 Hic
685 1040 845 1120 stephanius
872 1047 902 1099 et
922 1041 1020 1100 Astius
1043 1040 1214 1098 coniecturis
1234 1039 1353 1100 effecto·

309 1134 376 1186 runt
406 1127 493 1188 verbo
530 1130 593 1194 τοῖς
625 1119 774 1194 τειοάτοις
805 1129 922 1195 κακοῖς.
975 1125 1180 1184 Sebneiderus:
1230 1125 1355 1196 „nativi

309 1213 407 1284 usus,“
429 1210 534 1290 inquit,
555 1209 621 1282 „bic
641 1209 710 1269 nibil
731 1208 830 1268 differt
850 1209 885 1268 nb
908 1228 953 1280 eo,
976 1209 1023 1287 qni
1045 1209 1074 1266 in
1097 1209 1265 1270 dictionibus
1286 1231 1353 1288 pcr-
1468 1254 1471 1263 .

309 1296 435 1376 vulgetis
457 1287 595 1375 τοσοάτῳ
617 1291 719 1367 τελεία,
741 1293 855 1373 πολλῷ,
878 1289 981 1374 ὀλίγῳ,
1003 1287 1067 1373 ὅσῳ
1088 1291 1183 1354 πλείω
1201 1293 1351 1366 obtinet;“

309 1380 384 1458 qnod
406 1399 501 1440 verum
523 1383 609 1449 esset,
631 1378 657 1436 si
677 1378 837 1457 legeremus
851 1371 1011 1447 τοσούτοις
1030 1381 1144 1451 κακοῖς,
1166 1383 1218 1435 tot
1237 1377 1347 1436 molis.

312 1455 452 1546 Τοιοάτερ
473 1459 565 1522 πλείω
588 1481 643 1519 non
666 1460 784 1532 dicitur,
808 1479 901 1539 neque
922 1470 1018 1540 potest
1039 1462 1109 1533 diti,
1132 1462 1261 1540 quonium
1281 1482 1349 1540 qun-

309 1547 375 1608 liter
401 1549 514 1608 diverse
541 1551 584 1604 est
606 1565 623 1603 n
644 1545 812 1622 qnnntitnte.
861 1547 892 1604 ln
915 1547 1146 1608 antecedentibus
1168 1555 1354 1605 monstratum

243 1680 255 1701 .
310 1639 368 1704 est,
390 1631 484 1710 quniin
505 1630 563 1689 sint
582 1629 656 1689 moin
677 1623 935 1706 tyranni'eibitntis
957 1631 1085 1690 nlicuius.
1128 1633 1186 1689 lnnr
1209 1631 1279 1690 dicit
1300 1632 1356 1690 Sn-

310 1723 413 1788 crntes,
435 1713 538 1774 tniibus
559 1713 648 1786 mulis,
671 1713 698 1772 id
721 1722 774 1787 est,
798 1731 850 1792 per
871 1715 940 1774 tulin
961 1716 1034 1774 muln
1054 1715 1115 1776 sive
1132 1715 1264 1792 quonium
1286 1715 1357 1775 tubo

311 1799 372 1858 cius
394 1799 450 1858 nint
476 1793 563 1869 molo,
592 1805 758 1877 tyrannum,
786 1799 834 1876 qui
859 1819 927 1860 vere
954 1800 1006 1871 sit,
1039 1800 1119 1877 pluro
1145 1799 1250 1858 bebere
1272 1800 1355 1870 meio,

310 1903 392 1962 quern
413 1882 560 1953 beminen,
582 1881 637 1954 cui,
659 1881 785 1960 quanvis
807 1884 957 1961 tyrannico
977 1890 1079 1963 notura
1097 1884 1238 1962 praedito,
1260 1885 1355 1962 prive-

311 1975 368 2028 tnn
394 1967 480 2028 vitem
507 1967 614 2046 degere
641 1966 735 2026 licent.
785 1968 877 2027 Recte
903 1968 1047 2046 expressit
1071 1967 1239 2027 sententiam
1268 1968 1355 2026 stril-

310 2051 452 2111 buumius:
496 2051 620 2109 Ndnne
650 2069 713 2129 per
744 2051 950 2110 istiusmodi
982 2052 1071 2108 maia
1099 2049 1283 2118 efficitur,
1315 2058 1354 2106 ut

311 2137 414 2214 pluro
455 2135 561 2194 etiem
603 2135 742 2196 sentiet
781 2135 836 2198 rir
875 2133 1103 2212 tyrannicus,
1149 2131 1208 2208 qui
1250 2149 1351 2209 quum

312 2220 346 2278 in
382 2226 491 2278 semet
528 2219 607 2297 ipso
639 2220 728 2279 mole
766 2218 814 2278 sit
847 2217 1086 2290 constitutus,
1129 2221 1246 2274 temen
1282 2233 1352 2270 nnn

209 2373 215 2382 ,
312 2302 490 2382 privntnrn
524 2303 633 2384 degat
671 2305 807 2376 ritem,·
831 2303 894 2362 sed
930 2300 1103 2360 fortunae
1138 2299 1173 2360 ri
1206 2303 1349 2358 conotus

312 2388 361 2448 sit
388 2387 534 2468 tyranni
555 2395 680 2468 parter
707 2407 834 2468 ogere,
868 2407 921 2459 nc,
953 2387 1043 2445 lieet
1069 2383 1126 2444 sui
1152 2383 1231 2462 ipse
1259 2378 1352 2460 (ipsi-

312 2470 370 2553 us)
409 2472 586 2554 impotens
622 2473 685 2545 sit,
726 2472 811 2538 aliis
851 2473 1030 2550 imperare
1071 2469 1240 2528 concturt
1300 2465 1355 2521 Eo·

312 2557 376 2616 deni
396 2559 478 2616 modo
500 2559 693 2638 explicandum
716 2562 761 2613 est
782 2555 866 2614 etiarn
889 2555 1020 2628 'ancyrb
1057 2555 1077 2608 Ι.
1101 2560 1157 2620 36,
1180 2550 1227 2608 ubi
1250 2550 1356 2624 Corcy-

312 2639 373 2701 roei
393 2641 489 2703 dicunt
511 2641 744 2704 Atheniensibus:
767 2667 809 2682 -
831 2635 858 2694 εἰ
877 2629 1065 2712 περιόψεσθε
1087 2629 1126 2689 τά
1149 2626 1206 2689 δάο
1228 2629 1259 2697 ἐς
1280 2625 1358 2688 rari·
1418 2635 1420 2640 '

312 2719 368 2784 τδν
388 2721 505 2799 ituro,
532 2725 582 2786 reci
609 2722 767 2800 Κορίνθιοι
788 2713 871 2797 ἡμᾶς
891 2707 1205 2795 προκαταλήψονται,
1234 2711 1357 2788 Κερκυ-

314 2807 411 2885 ραίοις
432 2829 464 2870 τε
489 2808 540 2870 καὶ
562 2802 822 2881 Πελοποννησίοις
849 2796 915 2877 άμα
942 2793 1170 2876 ναυμαχήσετε·
1199 2789 1358 2870 δεξάμενοι

315 2888 348 2953 δέ
374 2886 456 2972 ἡμᾶς
482 2891 560 2966 ibere
587 2888 665 2970 πρὸς
693 2884 808 2958 αὐτοῖς
839 2883 954 2945 αλειόσι
983 2881 1072 2941 envoi
1101 2885 1171 2950 ταῖς
1195 2875 1360 2957 ἡμετέραις

314 2973 528 3056 ἀγωνίζεσθαι.
560 2976 721 3056 receptis
754 2992 839 3035 uero
876 2969 981 3030 nobis
1009 2965 1174 3047 pluribus
1203 2985 1266 3043 per
1296 2983 1358 3022 no·

316 3071 411 3122 strcr
437 3063 586 3124 novibus
615 3069 742 3121 contro
764 3078 826 3119 eos
847 3071 1011 3136 pugnare
1033 3049 1225 3130 poteritis,
1254 3048 1358 3118 idest,

315 3147 437 3226 receptis
457 3165 526 3209 vero
548 3146 631 3205 nobis
646 3152 762 3203 nostroe
779 3161 866 3203 noves
883 3138 1022 3207 efficient,
1043 3143 1076 3193 ut
1093 3134 1220 3214 pluribus
1244 3131 1360 3192 novibus

317 3239 418 3291 eontrn
444 3251 495 3291 ens
523 3249 654 3312 pugnero
681 3226 809 3307 possitis,
840 3243 922 3301 quem
945 3221 1045 3299 quibus
1068 3226 1198 3318 pugnare
1220 3217 1371 3296 poteritis,-

317 3315 399 3374 nobis
421 3333 476 3374 non
499 3315 630 3394 receptis.
678 3312 712 3371 si
733 3308 917 3386 Thucydides
939 3325 996 3363 nnn
1017 3308 1087 3372 ταῖς
1107 3298 1282 3381 ημετέραις,
1310 3302 1361 3359 sed

337 3419 369 3458 ro
391 3421 426 3459 eo
447 3419 592 3458 numerum
613 3396 725 3458 naviuin
747 3395 898 3474 posuisset,
920 3397 978 3450 turn
1001 3389 1042 3448 ito
1062 3387 1263 3467 intelligendus
1283 3393 1362 3442 esset
1394 3400 1397 3405 ·

318 3422 407 3562 docus,
430 3492 461 3542 ut
482 3483 672 3546 Scbnciderus
694 3499 757 3550 sunt
780 3477 903 3558 intelligi
924 3476 995 3536 ruit.

767 3677 918 3690 ...-.-·—-

637 3825 724 3896 τοι.
750 3823 823 3892 vu.
848 3847 878 3910 p.
900 3824 974 3892 517.
1004 3821 1044 3890 A.

406 3976 459 4062 ἀρ’
484 3979 521 4043 οδ
536 3979 643 4061 γέλωτ’
669 3977 707 4040 ἀν
726 3974 893 4060 παράσχοι,
914 3973 965 4035 καὶ
983 3971 1096 4050 λέγοιτο
1115 3965 1155 4029 ἀν
1171 3965 1238 4047 περὶ
1255 3963 1364 4040 αὐτοῦ,

323 4064 365 4140 ἀς
390 4062 512 4140 ἀναβάς
537 4063 607 4139 ,ἀνω
635 4062 863 4143 διεφθαρμένος
890 4055 954 4130 ἥκει
987 4053 1026 4115 τὰ
1059 4051 1187 4132 ὄμματα
1195 4093 1205 4123 ,
1238 4049 1289 4110 καδ
1318 4045 1367 4112 ὅτι

322 4149 377 4212 οιόι
404 4145 492 4222 ἀξιον
519 4145 780 4229 brittannorum
802 4142 865 4206 ἀνω
887 4141 981 4213 δίκαι,
1008 4137 1057 4200 καὶ
1079 4135 1134 4210 τδν
1155 4131 1367 4216 ἐπιχειροῦντα
1445 4137 1449 4144 ’
